DATE	TIME	BID	ASK	LAST	VOLUME	FLAGS
2022-06-17	18:44:00	61984				2
2022-06-17	18:44:00			61984	1	88
2022-06-17	18:44:00			61984	1	88
2022-06-17	18:44:00			61984	1	88
2022-06-17	18:44:00			61984	2	88
2022-06-17	18:44:00			61984	1	88
2022-06-17	18:44:00			61983	10	56
2022-06-17	18:44:00			61982	10	88
2022-06-17	18:44:00			61982	2	88
2022-06-17	18:44:00			61982	1	88
2022-06-17	18:44:00			61981	1	88
2022-06-17	18:44:00			61981	1	88
2022-06-17	18:44:00			61981	5	88
2022-06-17	18:44:00			61981	3	88
2022-06-17	18:44:00			61981	2	88
2022-06-17	18:44:00			61980	2	88
2022-06-17	18:44:00			61980	1	56
2022-06-17	18:44:00			61980	1	56
2022-06-17	18:44:00			61980	1	56
2022-06-17	18:44:00			61980	1	56
2022-06-17	18:44:00			61980	1	56
2022-06-17	18:44:00			61980	5	56
2022-06-17	18:44:00			61980	5	88
2022-06-17	18:44:00			61980	2	88
2022-06-17	18:44:00			61980	2	88
2022-06-17	18:44:00			61979	2	88
2022-06-17	18:44:00	61979				2
2022-06-17	18:44:00	61985				2
2022-06-17	18:44:00			61988	1	56
2022-06-17	18:44:00	61982				2
2022-06-17	18:44:00			61985	1	88
2022-06-17	18:44:00	61981				2
2022-06-17	18:44:00			61988	1	56
2022-06-17	18:44:00			61988	1	56
2022-06-17	18:44:00			61989	2	56
2022-06-17	18:44:00			61990	2	56
2022-06-17	18:44:00			61990	2	56
2022-06-17	18:44:00			61991	2	56
2022-06-17	18:44:00			61991	1	88
2022-06-17	18:44:00			61991	2	56
2022-06-17	18:44:00			61992	1	56
2022-06-17	18:44:00			61992	2	56
2022-06-17	18:44:00			61992	1	88
2022-06-17	18:44:00			61992	1	88
2022-06-17	18:44:00		61992			4
2022-06-17	18:44:00	61988				2
2022-06-17	18:44:00			61988	4	88
2022-06-17	18:44:00	61981	61988			6
2022-06-17	18:44:00	61980				2
2022-06-17	18:44:01			61988	1	56
2022-06-17	18:44:01	61979				2
2022-06-17	18:44:01			61980	2	88
2022-06-17	18:44:01			61980	1	56
2022-06-17	18:44:01	61980				2
2022-06-17	18:44:01			61988	2	56
2022-06-17	18:44:01			61988	6	56
2022-06-17	18:44:01			61988	2	56
2022-06-17	18:44:01			61988	2	56
2022-06-17	18:44:01			61988	2	56
2022-06-17	18:44:01		61987			4
2022-06-17	18:44:01		61984			4
2022-06-17	18:44:01			61980	1	88
2022-06-17	18:44:01			61984	1	56
2022-06-17	18:44:01			61987	1	56
2022-06-17	18:44:01			61988	1	56
2022-06-17	18:44:01			61988	1	56
2022-06-17	18:44:01			61988	1	56
2022-06-17	18:44:01			61988	1	56
2022-06-17	18:44:01			61988	1	56
2022-06-17	18:44:01			61988	1	56
2022-06-17	18:44:01			61988	1	56
2022-06-17	18:44:01			61988	1	56
2022-06-17	18:44:01	61987	61988			6
2022-06-17	18:44:01			61987	1	88
2022-06-17	18:44:01			61987	1	88
2022-06-17	18:44:01			61987	1	88
2022-06-17	18:44:01			61986	1	88
2022-06-17	18:44:01			61986	1	88
2022-06-17	18:44:01	61984				2
2022-06-17	18:44:01			61985	1	88
2022-06-17	18:44:01			61984	2	88
2022-06-17	18:44:01	61983	61987			6
2022-06-17	18:44:01			61984	1	88
2022-06-17	18:44:01			61984	1	88
2022-06-17	18:44:01	61984				2
2022-06-17	18:44:02	61985				2
2022-06-17	18:44:02			61987	1	56
2022-06-17	18:44:03			61987	1	56
2022-06-17	18:44:03			61988	1	56
2022-06-17	18:44:03	61969	61970			6
2022-06-17	18:44:03			61985	1	88
2022-06-17	18:44:03			61984	2	88
2022-06-17	18:44:03			61984	1	56
2022-06-17	18:44:03			61983	4	88
2022-06-17	18:44:03			61983	2	88
2022-06-17	18:44:03			61983	4	88
2022-06-17	18:44:03			61982	4	88
2022-06-17	18:44:03			61982	4	88
2022-06-17	18:44:03			61982	2	88
2022-06-17	18:44:03			61982	4	88
2022-06-17	18:44:03			61981	2	88
2022-06-17	18:44:03			61981	2	88
2022-06-17	18:44:03			61981	2	88
2022-06-17	18:44:03			61981	2	88
2022-06-17	18:44:03			61981	2	88
2022-06-17	18:44:03			61981	1	88
2022-06-17	18:44:03			61980	1	88
2022-06-17	18:44:03			61980	1	56
2022-06-17	18:44:03			61980	1	88
2022-06-17	18:44:03			61980	2	88
2022-06-17	18:44:03			61980	1	88
2022-06-17	18:44:03			61980	4	88
2022-06-17	18:44:03			61980	2	88
2022-06-17	18:44:03			61980	2	88
2022-06-17	18:44:03			61979	15	88
2022-06-17	18:44:03			61979	1	88
2022-06-17	18:44:03			61979	1	56
2022-06-17	18:44:03			61979	2	88
2022-06-17	18:44:03			61979	1	88
2022-06-17	18:44:03			61979	4	88
2022-06-17	18:44:03			61979	2	88
2022-06-17	18:44:03			61979	1	88
2022-06-17	18:44:03			61978	1	88
2022-06-17	18:44:03			61978	2	56
2022-06-17	18:44:03			61978	2	88
2022-06-17	18:44:03			61978	2	88
2022-06-17	18:44:03			61977	1	88
2022-06-17	18:44:03			61977	5	88
2022-06-17	18:44:03			61977	15	88
2022-06-17	18:44:03			61977	5	88
2022-06-17	18:44:03			61977	5	88
2022-06-17	18:44:03			61977	5	88
2022-06-17	18:44:03			61977	2	56
2022-06-17	18:44:03			61977	5	56
2022-06-17	18:44:03			61977	2	88
2022-06-17	18:44:03			61977	2	88
2022-06-17	18:44:03			61977	1	88
2022-06-17	18:44:03			61976	1	88
2022-06-17	18:44:03			61976	1	88
2022-06-17	18:44:03			61976	2	88
2022-06-17	18:44:03			61976	2	88
2022-06-17	18:44:03			61976	1	88
2022-06-17	18:44:03			61976	2	88
2022-06-17	18:44:03			61975	6	88
2022-06-17	18:44:03			61975	1	88
2022-06-17	18:44:03			61975	1	88
2022-06-17	18:44:03			61975	2	88
2022-06-17	18:44:03			61975	25	88
2022-06-17	18:44:03			61975	3	88
2022-06-17	18:44:03			61975	1	88
2022-06-17	18:44:03			61975	2	88
2022-06-17	18:44:03			61974	1	88
2022-06-17	18:44:03			61974	2	88
2022-06-17	18:44:03			61974	1	88
2022-06-17	18:44:03			61974	2	88
2022-06-17	18:44:03			61974	2	88
2022-06-17	18:44:03			61974	5	88
2022-06-17	18:44:03			61974	2	88
2022-06-17	18:44:03			61974	1	56
2022-06-17	18:44:03			61974	1	56
2022-06-17	18:44:03			61973	5	88
2022-06-17	18:44:03			61973	1	88
2022-06-17	18:44:03			61973	5	88
2022-06-17	18:44:03			61973	1	88
2022-06-17	18:44:03			61973	1	88
2022-06-17	18:44:03			61973	18	88
2022-06-17	18:44:03			61973	2	88
2022-06-17	18:44:03			61973	6	56
2022-06-17	18:44:03			61973	2	56
2022-06-17	18:44:03			61973	10	56
2022-06-17	18:44:03			61972	1	88
2022-06-17	18:44:03			61972	200	88
2022-06-17	18:44:03			61972	1	88
2022-06-17	18:44:03			61972	2	88
2022-06-17	18:44:03			61972	1	56
2022-06-17	18:44:03			61971	2	88
2022-06-17	18:44:03			61971	2	88
2022-06-17	18:44:03			61970	55	88
2022-06-17	18:44:03			61970	1	88
2022-06-17	18:44:03			61970	1	88
2022-06-17	18:44:03			61970	1	88
2022-06-17	18:44:03			61970	1	88
2022-06-17	18:44:03			61970	8	88
2022-06-17	18:44:03			61970	2	88
2022-06-17	18:44:03			61970	1	56
2022-06-17	18:44:03			61970	2	56
2022-06-17	18:44:03			61970	5	56
2022-06-17	18:44:03			61970	169	56
2022-06-17	18:44:03			61969	1	88
2022-06-17	18:44:03			61969	1	88
2022-06-17	18:44:03			61970	4	56
2022-06-17	18:44:03			61970	4	56
2022-06-17	18:44:03			61970	4	56
2022-06-17	18:44:03			61970	4	56
2022-06-17	18:44:03			61970	1	56
2022-06-17	18:44:03			61970	4	56
2022-06-17	18:44:03			61970	1	56
2022-06-17	18:44:03			61970	25	56
2022-06-17	18:44:03			61969	2	56
2022-06-17	18:44:03			61970	2	56
2022-06-17	18:44:03			61970	4	56
2022-06-17	18:44:03			61970	4	56
2022-06-17	18:44:03			61969	4	88
2022-06-17	18:44:03			61968	1	88
2022-06-17	18:44:03			61969	8	56
2022-06-17	18:44:03	61967	61969			6
2022-06-17	18:44:03			61969	4	56
2022-06-17	18:44:03			61969	1	56
2022-06-17	18:44:03			61967	6	88
2022-06-17	18:44:03			61969	1	56
2022-06-17	18:44:03			61967	1	88
2022-06-17	18:44:03	61968				2
2022-06-17	18:44:03			61968	1	88
2022-06-17	18:44:03			61969	1	56
2022-06-17	18:44:03			61969	1	56
2022-06-17	18:44:03			61968	2	88
2022-06-17	18:44:03			61968	2	88
2022-06-17	18:44:03	61967	61968			6
2022-06-17	18:44:03			61968	1	88
2022-06-17	18:44:03	61968	61969			6
2022-06-17	18:44:03			61968	1	56
2022-06-17	18:44:03			61968	2	88
2022-06-17	18:44:03			61968	2	88
2022-06-17	18:44:03	61965	61968			6
2022-06-17	18:44:03			61968	1	88
2022-06-17	18:44:03			61967	4	88
2022-06-17	18:44:03			61967	1	88
2022-06-17	18:44:03			61966	1	88
2022-06-17	18:44:03			61966	3	88
2022-06-17	18:44:03			61965	5	88
2022-06-17	18:44:03	61966				2
2022-06-17	18:44:03			61966	1	88
2022-06-17	18:44:03	61965				2
2022-06-17	18:44:03			61966	5	88
2022-06-17	18:44:03			61965	5	88
2022-06-17	18:44:03			61965	6	88
2022-06-17	18:44:03	61966				2
2022-06-17	18:44:03			61966	2	88
2022-06-17	18:44:03			61968	1	56
2022-06-17	18:44:03			61966	1	88
2022-06-17	18:44:04	61968	61969			6
2022-06-17	18:44:04			61968	1	56
2022-06-17	18:44:04			61968	1	88
2022-06-17	18:44:04	61966	61970			6
2022-06-17	18:44:04			61966	1	88
2022-06-17	18:44:04			61970	2	56
2022-06-17	18:44:04			61966	2	88
2022-06-17	18:44:04			61965	3	88
2022-06-17	18:44:04	61967				2
2022-06-17	18:44:04			61970	1	56
2022-06-17	18:44:04			61967	2	88
2022-06-17	18:44:04			61970	1	56
2022-06-17	18:44:04			61970	1	56
2022-06-17	18:44:04			61970	15	56
2022-06-17	18:44:04			61970	10	56
2022-06-17	18:44:04			61970	23	56
2022-06-17	18:44:04			61967	1	88
2022-06-17	18:44:04			61970	1	56
2022-06-17	18:44:04	61968				2
2022-06-17	18:44:04			61970	3	56
2022-06-17	18:44:04			61968	2	88
2022-06-17	18:44:05			61970	7	56
2022-06-17	18:44:05			61969	1	56
2022-06-17	18:44:05			61968	1	88
2022-06-17	18:44:05			61970	4	56
2022-06-17	18:44:05			61970	7	56
2022-06-17	18:44:05	61967				2
2022-06-17	18:44:05			61968	2	88
2022-06-17	18:44:05		61968			4
2022-06-17	18:44:05		61970			4
2022-06-17	18:44:05			61968	6	56
2022-06-17	18:44:05	61968				2
2022-06-17	18:44:05			61970	2	56
2022-06-17	18:44:05			61970	1	56
2022-06-17	18:44:05			61970	5	56
2022-06-17	18:44:05	61969				2
2022-06-17	18:44:05			61969	2	88
2022-06-17	18:44:05			61970	6	56
2022-06-17	18:44:05			61970	1	56
2022-06-17	18:44:05			61969	2	88
2022-06-17	18:44:05			61970	12	56
2022-06-17	18:44:05			61970	9	56
2022-06-17	18:44:06			61970	1	56
2022-06-17	18:44:06			61970	1	56
2022-06-17	18:44:06			61969	2	88
2022-06-17	18:44:06			61970	1	56
2022-06-17	18:44:06			61969	1	88
2022-06-17	18:44:06			61969	1	88
2022-06-17	18:44:07			61969	2	88
2022-06-17	18:44:07			61969	3	88
2022-06-17	18:44:07			61969	3	88
2022-06-17	18:44:07			61970	1	56
2022-06-17	18:44:07			61970	1	56
2022-06-17	18:44:07			61969	1	88
2022-06-17	18:44:07			61970	5	56
2022-06-17	18:44:07			61969	1	88
2022-06-17	18:44:07			61969	1	88
2022-06-17	18:44:07			61969	1	88
2022-06-17	18:44:07			61969	3	88
2022-06-17	18:44:07			61969	3	88
2022-06-17	18:44:07			61969	1	88
2022-06-17	18:44:07			61969	1	88
2022-06-17	18:44:08			61970	8	56
2022-06-17	18:44:08			61970	4	56
2022-06-17	18:44:08			61970	1	56
2022-06-17	18:44:08			61969	2	88
2022-06-17	18:44:08			61970	40	56
2022-06-17	18:44:08			61969	3	88
2022-06-17	18:44:09			61969	1	88
2022-06-17	18:44:09			61969	3	88
2022-06-17	18:44:10			61970	1	56
2022-06-17	18:44:10			61970	2	56
2022-06-17	18:44:10			61970	10	56
2022-06-17	18:44:10			61969	3	88
2022-06-17	18:44:10			61970	5	56
2022-06-17	18:44:10			61970	20	56
2022-06-17	18:44:10			61970	40	56
2022-06-17	18:44:10			61970	1	56
2022-06-17	18:44:10			61970	15	56
2022-06-17	18:44:11			61969	6	88
2022-06-17	18:44:11			61969	1	88
2022-06-17	18:44:11			61969	1	88
2022-06-17	18:44:11			61969	1	88
2022-06-17	18:44:11			61969	2	88
2022-06-17	18:44:11			61970	1	56
2022-06-17	18:44:11			61970	1	56
2022-06-17	18:44:11			61970	1	56
2022-06-17	18:44:11			61969	1	88
2022-06-17	18:44:11			61969	31	88
2022-06-17	18:44:11			61968	1	88
2022-06-17	18:44:11			61968	1	88
2022-06-17	18:44:11			61968	1	88
2022-06-17	18:44:11			61967	1	88
2022-06-17	18:44:11			61966	2	88
2022-06-17	18:44:11			61966	1	88
2022-06-17	18:44:11			61965	3	88
2022-06-17	18:44:11			61965	2	88
2022-06-17	18:44:11	61965	61969			6
2022-06-17	18:44:12			61969	2	56
2022-06-17	18:44:12			61969	1	56
2022-06-17	18:44:12			61970	97	56
2022-06-17	18:44:12		61970			4
2022-06-17	18:44:12		61968			4
2022-06-17	18:44:12			61968	1	56
2022-06-17	18:44:12		61969			4
2022-06-17	18:44:12		61968			4
2022-06-17	18:44:12	61966	61967			6
2022-06-17	18:44:12			61967	1	56
2022-06-17	18:44:12	61965				2
2022-06-17	18:44:12		61968			4
2022-06-17	18:44:12			61966	1	88
2022-06-17	18:44:12		61970			4
2022-06-17	18:44:12			61968	1	56
2022-06-17	18:44:12			61969	1	56
2022-06-17	18:44:12		61968			4
2022-06-17	18:44:13		61970			4
2022-06-17	18:44:13			61968	1	56
2022-06-17	18:44:13			61970	1	56
2022-06-17	18:44:13		61968			4
2022-06-17	18:44:13		61969			4
2022-06-17	18:44:13			61968	1	56
2022-06-17	18:44:13	61966				2
2022-06-17	18:44:13		61968			4
2022-06-17	18:44:13		61969			4
2022-06-17	18:44:13		61970			4
2022-06-17	18:44:13			61968	1	56
2022-06-17	18:44:14			61969	3	56
2022-06-17	18:44:14		61968			4
2022-06-17	18:44:14		61970			4
2022-06-17	18:44:14			61968	1	56
2022-06-17	18:44:14			61970	4	56
2022-06-17	18:44:14		61969			4
2022-06-17	18:44:14			61966	1	88
2022-06-17	18:44:14			61966	2	88
2022-06-17	18:44:14			61969	2	56
2022-06-17	18:44:14			61970	1	56
2022-06-17	18:44:14		61970			4
2022-06-17	18:44:14		61969			4
2022-06-17	18:44:14			61966	2	88
2022-06-17	18:44:14			61969	1	56
2022-06-17	18:44:14			61966	1	88
2022-06-17	18:44:15			61969	1	56
2022-06-17	18:44:15			61970	26	56
2022-06-17	18:44:15		61970			4
2022-06-17	18:44:15	61968				2
2022-06-17	18:44:15			61970	6	56
2022-06-17	18:44:15			61970	5	56
2022-06-17	18:44:15			61970	1	56
2022-06-17	18:44:15			61968	1	88
2022-06-17	18:44:15	61967				2
2022-06-17	18:44:15			61968	9	88
2022-06-17	18:44:15			61968	5	88
2022-06-17	18:44:15			61967	11	88
2022-06-17	18:44:15		61968			4
2022-06-17	18:44:16			61968	1	56
2022-06-17	18:44:16			61968	2	56
2022-06-17	18:44:16			61968	3	56
2022-06-17	18:44:16			61970	1	56
2022-06-17	18:44:16		61970			4
2022-06-17	18:44:16			61970	42	56
2022-06-17	18:44:16			61967	1	88
2022-06-17	18:44:16	61968				2
2022-06-17	18:44:16			61970	1	56
2022-06-17	18:44:16			61970	7	56
2022-06-17	18:44:17		61969			4
2022-06-17	18:44:17	61967				2
2022-06-17	18:44:17			61968	5	88
2022-06-17	18:44:17			61969	3	56
2022-06-17	18:44:17			61969	2	56
2022-06-17	18:44:17			61970	5	56
2022-06-17	18:44:17		61970			4
2022-06-17	18:44:18			61970	2	56
2022-06-17	18:44:18			61970	1	56
2022-06-17	18:44:18			61967	3	88
2022-06-17	18:44:18	61968				2
2022-06-17	18:44:19		61969			4
2022-06-17	18:44:19		61970			4
2022-06-17	18:44:19			61969	1	56
2022-06-17	18:44:19			61970	8	56
2022-06-17	18:44:19			61970	1	56
2022-06-17	18:44:19			61968	1	88
2022-06-17	18:44:19			61968	1	88
2022-06-17	18:44:19			61970	5	56
2022-06-17	18:44:20			61970	1	56
2022-06-17	18:44:20	61969				2
2022-06-17	18:44:20			61970	99	56
2022-06-17	18:44:20			61970	1	56
2022-06-17	18:44:20			61970	3	56
2022-06-17	18:44:20			61970	2	56
2022-06-17	18:44:20			61969	1	88
2022-06-17	18:44:21			61970	1	56
2022-06-17	18:44:21			61970	10	56
2022-06-17	18:44:21			61969	1	88
2022-06-17	18:44:21			61970	10	56
2022-06-17	18:44:21			61970	82	56
2022-06-17	18:44:21			61970	7	56
2022-06-17	18:44:21			61970	2	56
2022-06-17	18:44:21			61970	2	56
2022-06-17	18:44:21			61969	1	88
2022-06-17	18:44:21			61969	3	88
2022-06-17	18:44:21			61970	1	56
2022-06-17	18:44:22			61970	20	56
2022-06-17	18:44:22			61970	1	56
2022-06-17	18:44:22			61970	2	56
2022-06-17	18:44:23			61969	3	88
2022-06-17	18:44:23			61970	2	56
2022-06-17	18:44:23			61970	30	56
2022-06-17	18:44:23			61970	1	56
2022-06-17	18:44:23			61970	1	56
2022-06-17	18:44:23			61969	1	88
2022-06-17	18:44:23			61970	2	56
2022-06-17	18:44:23			61970	2	56
2022-06-17	18:44:23			61969	7	88
2022-06-17	18:44:23			61970	4	56
2022-06-17	18:44:23			61970	1	56
2022-06-17	18:44:23			61970	4	56
2022-06-17	18:44:23			61970	1	56
2022-06-17	18:44:24			61970	1	56
2022-06-17	18:44:24			61970	2	56
2022-06-17	18:44:24			61970	5	56
2022-06-17	18:44:24			61970	1	56
2022-06-17	18:44:24			61970	1	56
2022-06-17	18:44:24			61970	2	56
2022-06-17	18:44:24			61969	17	88
2022-06-17	18:44:24			61970	1	56
2022-06-17	18:44:24			61970	1	56
2022-06-17	18:44:24			61970	1	56
2022-06-17	18:44:24			61969	4	88
2022-06-17	18:44:25	61970	61971			6
2022-06-17	18:44:25			61970	5	56
2022-06-17	18:44:25		61972			4
2022-06-17	18:44:25			61971	1	56
2022-06-17	18:44:25			61972	3	56
2022-06-17	18:44:25			61972	1	56
2022-06-17	18:44:25			61972	1	56
2022-06-17	18:44:25			61972	1	56
2022-06-17	18:44:25			61972	1	56
2022-06-17	18:44:25			61972	1	56
2022-06-17	18:44:25			61972	2	56
2022-06-17	18:44:25			61970	1	88
2022-06-17	18:44:25		61973			4
2022-06-17	18:44:26			61972	2	56
2022-06-17	18:44:26			61973	1	56
2022-06-17	18:44:26			61973	19	56
2022-06-17	18:44:26	61969				2
2022-06-17	18:44:26			61970	4	88
2022-06-17	18:44:26			61970	2	88
2022-06-17	18:44:26			61970	2	88
2022-06-17	18:44:26			61969	8	88
2022-06-17	18:44:26	61970				2
2022-06-17	18:44:26	61971				2
2022-06-17	18:44:27	61945				2
2022-06-17	18:44:27			61971	4	88
2022-06-17	18:44:27			61970	3	88
2022-06-17	18:44:27			61970	1	88
2022-06-17	18:44:27			61969	104	88
2022-06-17	18:44:27			61969	1	88
2022-06-17	18:44:27			61969	1	88
2022-06-17	18:44:27			61969	20	88
2022-06-17	18:44:27			61969	1	88
2022-06-17	18:44:27			61968	1	88
2022-06-17	18:44:27			61967	1	88
2022-06-17	18:44:27			61967	1	88
2022-06-17	18:44:27			61966	12	88
2022-06-17	18:44:27			61965	1	88
2022-06-17	18:44:27			61965	3	88
2022-06-17	18:44:27			61965	2	88
2022-06-17	18:44:27			61964	1	88
2022-06-17	18:44:27			61964	1	88
2022-06-17	18:44:27			61964	7	88
2022-06-17	18:44:27			61963	1	88
2022-06-17	18:44:27			61962	2	88
2022-06-17	18:44:27			61962	33	88
2022-06-17	18:44:27			61961	5	88
2022-06-17	18:44:27			61960	9	88
2022-06-17	18:44:27			61960	15	88
2022-06-17	18:44:27			61960	5	88
2022-06-17	18:44:27			61960	1	88
2022-06-17	18:44:27			61960	8	88
2022-06-17	18:44:27			61960	1	88
2022-06-17	18:44:27			61960	25	88
2022-06-17	18:44:27			61959	6	88
2022-06-17	18:44:27			61959	2	88
2022-06-17	18:44:27			61959	2	88
2022-06-17	18:44:27			61958	2	88
2022-06-17	18:44:27			61957	3	88
2022-06-17	18:44:27			61957	2	88
2022-06-17	18:44:27			61956	2	88
2022-06-17	18:44:27			61956	1	88
2022-06-17	18:44:27			61955	2	88
2022-06-17	18:44:27			61955	2	88
2022-06-17	18:44:27			61955	6	88
2022-06-17	18:44:27			61955	2	88
2022-06-17	18:44:27			61954	7	88
2022-06-17	18:44:27			61954	1	88
2022-06-17	18:44:27			61954	2	88
2022-06-17	18:44:27			61954	1	88
2022-06-17	18:44:27			61953	1	88
2022-06-17	18:44:27			61953	200	88
2022-06-17	18:44:27			61952	1	88
2022-06-17	18:44:27			61952	2	88
2022-06-17	18:44:27			61952	1	88
2022-06-17	18:44:27			61952	2	88
2022-06-17	18:44:27			61951	1	88
2022-06-17	18:44:27			61951	1	88
2022-06-17	18:44:27			61951	1	88
2022-06-17	18:44:27			61951	1	88
2022-06-17	18:44:27			61951	1	88
2022-06-17	18:44:27			61951	1	88
2022-06-17	18:44:27			61951	1	88
2022-06-17	18:44:27			61951	1	88
2022-06-17	18:44:27			61950	3	88
2022-06-17	18:44:27			61950	100	88
2022-06-17	18:44:27			61950	1	88
2022-06-17	18:44:27			61950	6	88
2022-06-17	18:44:27			61950	1	88
2022-06-17	18:44:27			61950	10	88
2022-06-17	18:44:27			61950	4	88
2022-06-17	18:44:27			61950	20	88
2022-06-17	18:44:27			61950	4	88
2022-06-17	18:44:27			61950	3	88
2022-06-17	18:44:27			61950	9	88
2022-06-17	18:44:27			61950	1	88
2022-06-17	18:44:27			61950	5	88
2022-06-17	18:44:27			61950	3	88
2022-06-17	18:44:27			61950	7	88
2022-06-17	18:44:27			61950	20	88
2022-06-17	18:44:27			61950	5	88
2022-06-17	18:44:27			61950	6	88
2022-06-17	18:44:27			61950	1	88
2022-06-17	18:44:27			61950	4	88
2022-06-17	18:44:27			61950	10	88
2022-06-17	18:44:27			61950	5	88
2022-06-17	18:44:27			61950	5	88
2022-06-17	18:44:27			61950	1	88
2022-06-17	18:44:27			61950	25	88
2022-06-17	18:44:27			61950	100	88
2022-06-17	18:44:27			61950	25	88
2022-06-17	18:44:27			61950	1	88
2022-06-17	18:44:27			61950	17	88
2022-06-17	18:44:27			61950	3	88
2022-06-17	18:44:27			61950	2	88
2022-06-17	18:44:27			61950	5	88
2022-06-17	18:44:27			61950	2	88
2022-06-17	18:44:27			61950	1	88
2022-06-17	18:44:27			61949	2	88
2022-06-17	18:44:27			61949	2	88
2022-06-17	18:44:27			61948	2	88
2022-06-17	18:44:27			61947	2	88
2022-06-17	18:44:27			61947	1	88
2022-06-17	18:44:27			61947	14	88
2022-06-17	18:44:27			61947	1	88
2022-06-17	18:44:27			61946	1	56
2022-06-17	18:44:27			61946	4	88
2022-06-17	18:44:27			61946	3	88
2022-06-17	18:44:27			61945	1	88
2022-06-17	18:44:27			61945	2	88
2022-06-17	18:44:27			61945	1	88
2022-06-17	18:44:27			61945	1	88
2022-06-17	18:44:27			61945	2	88
2022-06-17	18:44:27			61945	1	88
2022-06-17	18:44:27			61945	1	88
2022-06-17	18:44:27			61945	1	88
2022-06-17	18:44:27			61945	1	88
2022-06-17	18:44:27			61945	1	88
2022-06-17	18:44:27			61945	1	88
2022-06-17	18:44:27			61945	2	88
2022-06-17	18:44:27			61945	1	88
2022-06-17	18:44:27			61945	1	88
2022-06-17	18:44:27			61945	2	88
2022-06-17	18:44:27			61945	1	88
2022-06-17	18:44:27			61945	1	88
2022-06-17	18:44:27			61945	1	88
2022-06-17	18:44:27			61945	4	88
2022-06-17	18:44:27			61945	1	88
2022-06-17	18:44:27			61945	4	88
2022-06-17	18:44:27			61945	2	88
2022-06-17	18:44:27			61945	1	88
2022-06-17	18:44:27			61945	4	88
2022-06-17	18:44:27			61945	4	88
2022-06-17	18:44:27			61945	1	88
2022-06-17	18:44:27			61945	4	88
2022-06-17	18:44:27			61945	1	88
2022-06-17	18:44:27			61945	1	88
2022-06-17	18:44:27			61945	1	88
2022-06-17	18:44:27			61945	1	88
2022-06-17	18:44:27			61945	1	88
2022-06-17	18:44:27			61945	1	88
2022-06-17	18:44:27			61945	1	88
2022-06-17	18:44:27			61944	1	88
2022-06-17	18:44:27			61944	1	88
2022-06-17	18:44:27			61943	1	88
2022-06-17	18:44:27			61943	1	88
2022-06-17	18:44:27			61943	1	88
2022-06-17	18:44:27			61943	1	88
2022-06-17	18:44:27			61942	1	88
2022-06-17	18:44:27			61942	2	88
2022-06-17	18:44:27			61942	1	88
2022-06-17	18:44:27			61942	1	88
2022-06-17	18:44:27			61942	1	88
2022-06-17	18:44:27			61942	1	88
2022-06-17	18:44:27			61941	1	88
2022-06-17	18:44:27			61940	1	88
2022-06-17	18:44:27			61943	1	56
2022-06-17	18:44:27			61946	1	88
2022-06-17	18:44:27			61946	2	88
2022-06-17	18:44:27			61946	1	88
2022-06-17	18:44:27			61940	3	88
2022-06-17	18:44:27			61940	4	88
2022-06-17	18:44:27			61940	4	88
2022-06-17	18:44:27			61940	1	88
2022-06-17	18:44:27			61940	4	88
2022-06-17	18:44:27			61940	3	88
2022-06-17	18:44:27			61940	25	88
2022-06-17	18:44:27			61940	5	88
2022-06-17	18:44:27			61940	1	88
2022-06-17	18:44:27			61940	1	88
2022-06-17	18:44:27			61940	1	88
2022-06-17	18:44:27			61940	1	88
2022-06-17	18:44:27			61940	1	88
2022-06-17	18:44:27			61938	9	88
2022-06-17	18:44:27			61937	5	88
2022-06-17	18:44:27			61937	1	88
2022-06-17	18:44:27			61936	1	88
2022-06-17	18:44:27			61936	6	88
2022-06-17	18:44:27			61935	1	88
2022-06-17	18:44:27			61935	1	88
2022-06-17	18:44:27			61935	5	88
2022-06-17	18:44:27			61935	3	88
2022-06-17	18:44:27			61934	3	88
2022-06-17	18:44:27			61934	1	88
2022-06-17	18:44:27			61933	1	88
2022-06-17	18:44:27			61933	1	88
2022-06-17	18:44:27			61932	1	88
2022-06-17	18:44:27			61932	3	88
2022-06-17	18:44:27			61932	1	88
2022-06-17	18:44:27			61932	2	88
2022-06-17	18:44:27			61932	2	88
2022-06-17	18:44:27			61931	1	88
2022-06-17	18:44:27			61931	1	88
2022-06-17	18:44:27			61931	1	88
2022-06-17	18:44:27			61930	6	88
2022-06-17	18:44:27			61930	10	88
2022-06-17	18:44:27			61930	2	88
2022-06-17	18:44:27	61930	61931			6
2022-06-17	18:44:27			61930	1	88
2022-06-17	18:44:27			61930	2	88
2022-06-17	18:44:27			61930	10	88
2022-06-17	18:44:27		61936			4
2022-06-17	18:44:27			61930	1	88
2022-06-17	18:44:27			61936	4	56
2022-06-17	18:44:27			61930	2	88
2022-06-17	18:44:27			61930	2	88
2022-06-17	18:44:27	61931	61937			6
2022-06-17	18:44:27			61931	1	88
2022-06-17	18:44:27		61936			4
2022-06-17	18:44:27		61937			4
2022-06-17	18:44:27			61936	1	56
2022-06-17	18:44:27			61937	2	56
2022-06-17	18:44:27			61937	3	56
2022-06-17	18:44:27			61931	1	88
2022-06-17	18:44:27		61938			4
2022-06-17	18:44:27			61937	1	56
2022-06-17	18:44:27	61935	61939			6
2022-06-17	18:44:27			61938	1	56
2022-06-17	18:44:27			61939	1	56
2022-06-17	18:44:27			61935	1	56
2022-06-17	18:44:27			61935	1	56
2022-06-17	18:44:27			61932	2	88
2022-06-17	18:44:27	61931	61933			6
2022-06-17	18:44:27			61931	3	88
2022-06-17	18:44:27			61931	2	88
2022-06-17	18:44:27			61930	6	88
2022-06-17	18:44:27	61930				2
2022-06-17	18:44:27	61931				2
2022-06-17	18:44:27		61935			4
2022-06-17	18:44:27			61933	1	56
2022-06-17	18:44:27	61930				2
2022-06-17	18:44:27			61931	6	88
2022-06-17	18:44:27			61930	14	88
2022-06-17	18:44:27	61931				2
2022-06-17	18:44:27			61931	5	88
2022-06-17	18:44:27			61935	1	56
2022-06-17	18:44:27	61930				2
2022-06-17	18:44:27			61931	1	88
2022-06-17	18:44:27			61931	1	88
2022-06-17	18:44:27			61930	15	88
2022-06-17	18:44:27	61931				2
2022-06-17	18:44:28			61931	1	88
2022-06-17	18:44:28			61931	1	88
2022-06-17	18:44:28			61935	1	56
2022-06-17	18:44:28			61935	1	56
2022-06-17	18:44:28		61936			4
2022-06-17	18:44:28			61936	4	56
2022-06-17	18:44:28			61936	2	56
2022-06-17	18:44:28			61936	2	56
2022-06-17	18:44:28			61936	4	56
2022-06-17	18:44:28			61937	4	56
2022-06-17	18:44:28			61937	4	56
2022-06-17	18:44:28			61937	2	56
2022-06-17	18:44:28			61937	4	56
2022-06-17	18:44:28			61938	2	56
2022-06-17	18:44:28	61938	61939			6
2022-06-17	18:44:28			61938	6	88
2022-06-17	18:44:28			61937	2	88
2022-06-17	18:44:28			61936	1	88
2022-06-17	18:44:28	61932				2
2022-06-17	18:44:28			61932	2	88
2022-06-17	18:44:28			61931	4	88
2022-06-17	18:44:28			61931	2	88
2022-06-17	18:44:28			61931	2	88
2022-06-17	18:44:28			61931	2	88
2022-06-17	18:44:28			61930	18	88
2022-06-17	18:44:28	61930	61938			6
2022-06-17	18:44:28	61931				2
2022-06-17	18:44:28			61938	2	56
2022-06-17	18:44:28			61938	1	56
2022-06-17	18:44:28		61939			4
2022-06-17	18:44:28	61932				2
2022-06-17	18:44:28			61938	1	56
2022-06-17	18:44:28			61938	2	56
2022-06-17	18:44:28			61938	2	56
2022-06-17	18:44:28			61939	5	56
2022-06-17	18:44:28	61934				2
2022-06-17	18:44:28			61934	1	88
2022-06-17	18:44:28	61933				2
2022-06-17	18:44:28			61939	3	56
2022-06-17	18:44:28			61939	1	56
2022-06-17	18:44:28			61940	2	56
2022-06-17	18:44:28			61941	2	56
2022-06-17	18:44:28			61942	2	56
2022-06-17	18:44:28			61942	2	56
2022-06-17	18:44:28			61942	4	56
2022-06-17	18:44:28			61943	2	56
2022-06-17	18:44:28			61943	2	56
2022-06-17	18:44:28			61943	4	56
2022-06-17	18:44:28			61943	4	56
2022-06-17	18:44:28			61943	2	56
2022-06-17	18:44:28	61935	61944			6
2022-06-17	18:44:28		61943			4
2022-06-17	18:44:28		61944			4
2022-06-17	18:44:28			61943	1	56
2022-06-17	18:44:28		61943			4
2022-06-17	18:44:28			61943	1	56
2022-06-17	18:44:28			61943	5	56
2022-06-17	18:44:28		61944			4
2022-06-17	18:44:28		61943			4
2022-06-17	18:44:28	61936				2
2022-06-17	18:44:28	61937				2
2022-06-17	18:44:29			61943	2	56
2022-06-17	18:44:29		61941			4
2022-06-17	18:44:29			61941	4	56
2022-06-17	18:44:29			61943	4	56
2022-06-17	18:44:29			61944	1	88
2022-06-17	18:44:29			61945	2	56
2022-06-17	18:44:29			61946	1	56
2022-06-17	18:44:29			61946	4	56
2022-06-17	18:44:29			61946	4	56
2022-06-17	18:44:29			61946	4	56
2022-06-17	18:44:29			61946	2	56
2022-06-17	18:44:29			61947	2	56
2022-06-17	18:44:29			61948	2	56
2022-06-17	18:44:29			61949	2	56
2022-06-17	18:44:29			61949	1	88
2022-06-17	18:44:29			61950	2	56
2022-06-17	18:44:29			61950	1	88
2022-06-17	18:44:29			61951	2	56
2022-06-17	18:44:29			61952	2	56
2022-06-17	18:44:29			61953	2	56
2022-06-17	18:44:29			61954	2	56
2022-06-17	18:44:29			61955	2	56
2022-06-17	18:44:29			61956	2	56
2022-06-17	18:44:29			61957	2	56
2022-06-17	18:44:29		61947			4
2022-06-17	18:44:29	61939				2
2022-06-17	18:44:29		61946			4
2022-06-17	18:44:29			61946	2	56
2022-06-17	18:44:29	61940				2
2022-06-17	18:44:29	61941				2
2022-06-17	18:44:29			61941	2	88
2022-06-17	18:44:29	61942				2
2022-06-17	18:44:29	61941				2
2022-06-17	18:44:29	61938				2
2022-06-17	18:44:29			61941	2	88
2022-06-17	18:44:29			61940	1	88
2022-06-17	18:44:29			61940	2	88
2022-06-17	18:44:29			61939	2	88
2022-06-17	18:44:29			61939	1	88
2022-06-17	18:44:29			61938	1	88
2022-06-17	18:44:29			61938	1	88
2022-06-17	18:44:29	61936	61945			6
2022-06-17	18:44:29	61943				2
2022-06-17	18:44:30			61943	3	88
2022-06-17	18:44:30	61930				2
2022-06-17	18:44:30			61943	1	88
2022-06-17	18:44:30			61943	2	88
2022-06-17	18:44:30			61940	3	88
2022-06-17	18:44:30			61936	1	88
2022-06-17	18:44:30			61934	1	56
2022-06-17	18:44:30			61934	2	88
2022-06-17	18:44:30			61934	2	88
2022-06-17	18:44:30			61933	6	88
2022-06-17	18:44:30			61932	10	88
2022-06-17	18:44:30			61932	1	88
2022-06-17	18:44:30			61931	1	88
2022-06-17	18:44:30			61931	8	88
2022-06-17	18:44:30			61930	17	88
2022-06-17	18:44:30		61939			4
2022-06-17	18:44:30	61931				2
2022-06-17	18:44:30	61932				2
2022-06-17	18:44:30			61939	2	56
2022-06-17	18:44:30		61947			4
2022-06-17	18:44:30			61939	2	56
2022-06-17	18:44:30			61939	2	56
2022-06-17	18:44:30			61939	2	56
2022-06-17	18:44:30			61940	2	56
2022-06-17	18:44:30			61940	8	56
2022-06-17	18:44:30			61941	2	56
2022-06-17	18:44:30			61942	2	56
2022-06-17	18:44:30			61943	2	56
2022-06-17	18:44:30			61943	2	56
2022-06-17	18:44:30			61944	2	56
2022-06-17	18:44:30			61944	2	56
2022-06-17	18:44:30			61945	2	56
2022-06-17	18:44:30			61945	2	56
2022-06-17	18:44:30			61946	2	56
2022-06-17	18:44:30			61946	2	56
2022-06-17	18:44:30			61947	2	56
2022-06-17	18:44:30	61935	61949			6
2022-06-17	18:44:30	61934				2
2022-06-17	18:44:30		61944			4
2022-06-17	18:44:30	61936				2
2022-06-17	18:44:30			61936	2	88
2022-06-17	18:44:30			61935	2	88
2022-06-17	18:44:30			61935	2	88
2022-06-17	18:44:30			61935	6	88
2022-06-17	18:44:30			61934	2	88
2022-06-17	18:44:30			61934	8	88
2022-06-17	18:44:30			61933	2	88
2022-06-17	18:44:30			61932	2	88
2022-06-17	18:44:30			61932	2	88
2022-06-17	18:44:30			61931	2	88
2022-06-17	18:44:30			61930	2	88
2022-06-17	18:44:30			61930	1	88
2022-06-17	18:44:30			61930	1	88
2022-06-17	18:44:30			61930	9	88
2022-06-17	18:44:30			61930	1	88
2022-06-17	18:44:30	61930				2
2022-06-17	18:44:30	61931	61943			6
2022-06-17	18:44:31			61943	1	56
2022-06-17	18:44:31		61944			4
2022-06-17	18:44:31			61944	1	56
2022-06-17	18:44:31		61946			4
2022-06-17	18:44:31		61947			4
2022-06-17	18:44:31			61931	1	88
2022-06-17	18:44:31	61932	61946			6
2022-06-17	18:44:31			61931	1	88
2022-06-17	18:44:31			61931	5	88
2022-06-17	18:44:31			61930	3	88
2022-06-17	18:44:31	61930				2
2022-06-17	18:44:31			61932	2	88
2022-06-17	18:44:31			61931	2	88
2022-06-17	18:44:31			61930	15	88
2022-06-17	18:44:31		61942			4
2022-06-17	18:44:31	61934				2
2022-06-17	18:44:31			61934	1	88
2022-06-17	18:44:31			61930	1	88
2022-06-17	18:44:31			61930	1	56
2022-06-17	18:44:31	61930	61941			6
2022-06-17	18:44:31			61941	2	56
2022-06-17	18:44:31	61931				2
2022-06-17	18:44:31			61941	1	56
2022-06-17	18:44:31	61932				2
2022-06-17	18:44:31	61933				2
2022-06-17	18:44:31		61940			4
2022-06-17	18:44:31		61939			4
2022-06-17	18:44:32	61935				2
2022-06-17	18:44:32	61936				2
2022-06-17	18:44:32		61941			4
2022-06-17	18:44:32			61939	2	56
2022-06-17	18:44:32			61940	1	56
2022-06-17	18:44:32			61940	2	56
2022-06-17	18:44:32		61943			4
2022-06-17	18:44:32			61943	2	56
2022-06-17	18:44:32			61944	2	56
2022-06-17	18:44:32			61945	2	56
2022-06-17	18:44:32			61946	2	56
2022-06-17	18:44:32			61946	7	56
2022-06-17	18:44:32		61946			4
2022-06-17	18:44:32	61938				2
2022-06-17	18:44:32		61941			4
2022-06-17	18:44:32		61945			4
2022-06-17	18:44:32			61941	1	56
2022-06-17	18:44:32			61945	1	56
2022-06-17	18:44:32	61936				2
2022-06-17	18:44:32		61946			4
2022-06-17	18:44:32			61936	1	88
2022-06-17	18:44:32		61948			4
2022-06-17	18:44:32			61946	3	56
2022-06-17	18:44:32			61948	1	56
2022-06-17	18:44:32			61948	1	56
2022-06-17	18:44:32		61942			4
2022-06-17	18:44:32		61938			4
2022-06-17	18:44:32		61941			4
2022-06-17	18:44:33			61938	1	56
2022-06-17	18:44:33			61941	2	56
2022-06-17	18:44:33			61941	1	56
2022-06-17	18:44:33			61941	1	56
2022-06-17	18:44:33			61942	1	56
2022-06-17	18:44:33			61942	1	56
2022-06-17	18:44:33			61944	2	56
2022-06-17	18:44:33			61944	1	56
2022-06-17	18:44:33			61945	1	56
2022-06-17	18:44:33			61945	1	56
2022-06-17	18:44:33	61944	61946			6
2022-06-17	18:44:33			61946	1	56
2022-06-17	18:44:33			61944	1	88
2022-06-17	18:44:33			61940	2	88
2022-06-17	18:44:33	61936	61940			6
2022-06-17	18:44:33	61938	61944			6
2022-06-17	18:44:33	61939	61945			6
2022-06-17	18:44:33	61938				2
2022-06-17	18:44:33		61939			4
2022-06-17	18:44:33			61939	1	56
2022-06-17	18:44:33			61938	1	88
2022-06-17	18:44:33			61936	1	88
2022-06-17	18:44:33			61936	2	88
2022-06-17	18:44:33			61935	1	88
2022-06-17	18:44:33			61935	2	88
2022-06-17	18:44:33			61934	2	88
2022-06-17	18:44:33	61932				2
2022-06-17	18:44:33	61935				2
2022-06-17	18:44:33		61938			4
2022-06-17	18:44:33			61938	1	56
2022-06-17	18:44:33			61939	2	56
2022-06-17	18:44:33		61939			4
2022-06-17	18:44:33	61927				2
2022-06-17	18:44:33			61935	1	88
2022-06-17	18:44:33			61935	1	88
2022-06-17	18:44:33			61932	1	88
2022-06-17	18:44:33			61931	1	88
2022-06-17	18:44:33			61931	2	88
2022-06-17	18:44:33			61931	2	88
2022-06-17	18:44:33			61931	2	88
2022-06-17	18:44:33			61930	2	88
2022-06-17	18:44:33			61930	7	88
2022-06-17	18:44:33			61930	5	88
2022-06-17	18:44:33			61929	1	56
2022-06-17	18:44:33			61928	2	88
2022-06-17	18:44:33			61928	1	88
2022-06-17	18:44:33			61928	2	56
2022-06-17	18:44:33			61928	5	88
2022-06-17	18:44:33			61928	3	56
2022-06-17	18:44:33			61928	4	88
2022-06-17	18:44:33			61927	1	88
2022-06-17	18:44:33			61927	1	88
2022-06-17	18:44:33			61927	1	88
2022-06-17	18:44:33			61927	1	88
2022-06-17	18:44:33			61927	1	88
2022-06-17	18:44:33			61927	3	88
2022-06-17	18:44:33	61932	61938			6
2022-06-17	18:44:33			61932	2	88
2022-06-17	18:44:33			61938	1	56
2022-06-17	18:44:33			61938	1	56
2022-06-17	18:44:33			61938	3	56
2022-06-17	18:44:33			61939	2	56
2022-06-17	18:44:33	61933				2
2022-06-17	18:44:33			61938	1	56
2022-06-17	18:44:34		61937			4
2022-06-17	18:44:34	61932				2
2022-06-17	18:44:34			61933	2	88
2022-06-17	18:44:34			61932	3	88
2022-06-17	18:44:34			61932	1	88
2022-06-17	18:44:34	61927	61936			6
2022-06-17	18:44:34			61929	1	56
2022-06-17	18:44:34			61928	6	88
2022-06-17	18:44:34			61927	1	88
2022-06-17	18:44:34			61936	2	56
2022-06-17	18:44:34	61928				2
2022-06-17	18:44:34			61936	1	56
2022-06-17	18:44:34			61928	2	88
2022-06-17	18:44:34			61928	1	88
2022-06-17	18:44:34			61928	5	88
2022-06-17	18:44:34			61927	5	88
2022-06-17	18:44:34	61927	61935			6
2022-06-17	18:44:34		61936			4
2022-06-17	18:44:34	61926				2
2022-06-17	18:44:34			61927	1	88
2022-06-17	18:44:34			61926	1	88
2022-06-17	18:44:34			61926	1	56
2022-06-17	18:44:34			61926	17	88
2022-06-17	18:44:34		61933			4
2022-06-17	18:44:34	61925				2
2022-06-17	18:44:34			61926	1	88
2022-06-17	18:44:34			61925	1	88
2022-06-17	18:44:34			61925	1	88
2022-06-17	18:44:34			61925	1	88
2022-06-17	18:44:34			61925	2	88
2022-06-17	18:44:34			61925	3	88
2022-06-17	18:44:34			61925	1	88
2022-06-17	18:44:34			61925	9	88
2022-06-17	18:44:34			61933	1	56
2022-06-17	18:44:34	61926				2
2022-06-17	18:44:34	61927				2
2022-06-17	18:44:34	61926				2
2022-06-17	18:44:34			61927	1	88
2022-06-17	18:44:34	61925				2
2022-06-17	18:44:34			61926	1	88
2022-06-17	18:44:34			61925	9	88
2022-06-17	18:44:34		61931			4
2022-06-17	18:44:34			61925	3	88
2022-06-17	18:44:34			61925	4	88
2022-06-17	18:44:34			61925	10	88
2022-06-17	18:44:34		61929			4
2022-06-17	18:44:34			61929	1	56
2022-06-17	18:44:34	61929	61930			6
2022-06-17	18:44:34			61929	1	56
2022-06-17	18:44:34			61929	2	56
2022-06-17	18:44:34	61927				2
2022-06-17	18:44:35			61930	1	56
2022-06-17	18:44:35			61927	1	88
2022-06-17	18:44:35			61930	3	56
2022-06-17	18:44:35			61930	7	56
2022-06-17	18:44:35			61927	1	88
2022-06-17	18:44:35			61927	4	88
2022-06-17	18:44:35			61926	1	88
2022-06-17	18:44:35			61926	2	88
2022-06-17	18:44:35			61925	2	88
2022-06-17	18:44:35	61925				2
2022-06-17	18:44:35			61926	1	88
2022-06-17	18:44:35			61925	8	88
2022-06-17	18:44:35			61925	2	88
2022-06-17	18:44:35			61930	2	56
2022-06-17	18:44:35			61930	1	56
2022-06-17	18:44:35			61930	2	56
2022-06-17	18:44:35			61930	5	56
2022-06-17	18:44:35			61930	5	56
2022-06-17	18:44:35			61931	2	56
2022-06-17	18:44:35	61929	61934			6
2022-06-17	18:44:35		61932			4
2022-06-17	18:44:36			61932	1	56
2022-06-17	18:44:36	61931				2
2022-06-17	18:44:36			61931	1	88
2022-06-17	18:44:36			61931	1	88
2022-06-17	18:44:36	61929				2
2022-06-17	18:44:36	61928				2
2022-06-17	18:44:36			61929	1	88
2022-06-17	18:44:36			61929	1	88
2022-06-17	18:44:36			61928	1	88
2022-06-17	18:44:36	61927				2
2022-06-17	18:44:36			61927	1	88
2022-06-17	18:44:36	61925				2
2022-06-17	18:44:36			61927	1	88
2022-06-17	18:44:36			61926	1	88
2022-06-17	18:44:36			61926	4	88
2022-06-17	18:44:36			61925	4	88
2022-06-17	18:44:36	61927				2
2022-06-17	18:44:36	61928				2
2022-06-17	18:44:37			61932	1	56
2022-06-17	18:44:37		61935			4
2022-06-17	18:44:37			61932	1	56
2022-06-17	18:44:37		61942			4
2022-06-17	18:44:37			61935	2	56
2022-06-17	18:44:37			61935	1	56
2022-06-17	18:44:37			61935	3	56
2022-06-17	18:44:37			61935	1	56
2022-06-17	18:44:37			61936	1	56
2022-06-17	18:44:37			61937	1	56
2022-06-17	18:44:37			61937	2	56
2022-06-17	18:44:37			61937	2	56
2022-06-17	18:44:37			61937	2	56
2022-06-17	18:44:37			61938	1	56
2022-06-17	18:44:37			61938	3	56
2022-06-17	18:44:37			61938	5	56
2022-06-17	18:44:37			61939	1	56
2022-06-17	18:44:37			61939	2	56
2022-06-17	18:44:37			61939	2	56
2022-06-17	18:44:37			61940	2	56
2022-06-17	18:44:37			61940	1	56
2022-06-17	18:44:37			61940	2	56
2022-06-17	18:44:37			61940	1	56
2022-06-17	18:44:37			61941	2	56
2022-06-17	18:44:37			61941	2	56
2022-06-17	18:44:37			61942	2	56
2022-06-17	18:44:37			61942	4	56
2022-06-17	18:44:37			61942	1	56
2022-06-17	18:44:37	61933				2
2022-06-17	18:44:37		61941			4
2022-06-17	18:44:38	61931				2
2022-06-17	18:44:38	61929				2
2022-06-17	18:44:38			61931	2	88
2022-06-17	18:44:38			61930	2	88
2022-06-17	18:44:38			61930	2	88
2022-06-17	18:44:38			61929	2	88
2022-06-17	18:44:38			61929	1	88
2022-06-17	18:44:38	61930				2
2022-06-17	18:44:38			61941	1	56
2022-06-17	18:44:38			61941	1	56
2022-06-17	18:44:38	61931				2
2022-06-17	18:44:38	61932				2
2022-06-17	18:44:38	61940				2
2022-06-17	18:44:38		61942			4
2022-06-17	18:44:38			61940	1	88
2022-06-17	18:44:39			61942	2	56
2022-06-17	18:44:39			61942	3	56
2022-06-17	18:44:39			61942	4	56
2022-06-17	18:44:39			61943	5	56
2022-06-17	18:44:39			61944	2	56
2022-06-17	18:44:39			61944	1	56
2022-06-17	18:44:39			61945	2	56
2022-06-17	18:44:39			61945	1	56
2022-06-17	18:44:39			61945	2	56
2022-06-17	18:44:39		61945			4
2022-06-17	18:44:39		61944			4
2022-06-17	18:44:39	61934				2
2022-06-17	18:44:39		61943			4
2022-06-17	18:44:39			61940	1	88
2022-06-17	18:44:39			61938	2	88
2022-06-17	18:44:39			61937	2	88
2022-06-17	18:44:39			61936	2	88
2022-06-17	18:44:39			61935	2	88
2022-06-17	18:44:39			61935	1	88
2022-06-17	18:44:39			61935	2	88
2022-06-17	18:44:39	61940				2
2022-06-17	18:44:39			61940	1	88
2022-06-17	18:44:39	61934	61940			6
2022-06-17	18:44:39	61932				2
2022-06-17	18:44:39			61934	2	88
2022-06-17	18:44:39			61933	1	88
2022-06-17	18:44:39			61932	2	88
2022-06-17	18:44:39	61933				2
2022-06-17	18:44:39	61932	61939			6
2022-06-17	18:44:39			61933	5	88
2022-06-17	18:44:39			61932	4	88
2022-06-17	18:44:39			61939	2	56
2022-06-17	18:44:39			61940	1	56
2022-06-17	18:44:39		61940			4
2022-06-17	18:44:39		61939			4
2022-06-17	18:44:39			61939	1	56
2022-06-17	18:44:39	61933	61945			6
2022-06-17	18:44:39			61939	1	56
2022-06-17	18:44:39			61940	2	56
2022-06-17	18:44:39			61940	2	56
2022-06-17	18:44:39			61941	2	56
2022-06-17	18:44:39			61942	2	56
2022-06-17	18:44:39			61943	1	56
2022-06-17	18:44:39		61944			4
2022-06-17	18:44:40	61935				2
2022-06-17	18:44:40	61933				2
2022-06-17	18:44:40			61935	2	88
2022-06-17	18:44:40			61934	1	88
2022-06-17	18:44:40			61934	2	88
2022-06-17	18:44:40			61933	2	88
2022-06-17	18:44:40			61933	5	88
2022-06-17	18:44:40	61934	61943			6
2022-06-17	18:44:40		61941			4
2022-06-17	18:44:40		61942			4
2022-06-17	18:44:40			61942	1	56
2022-06-17	18:44:40		61944			4
2022-06-17	18:44:40			61942	1	56
2022-06-17	18:44:40			61943	2	56
2022-06-17	18:44:40		61943			4
2022-06-17	18:44:40		61942			4
2022-06-17	18:44:40			61934	1	88
2022-06-17	18:44:40		61944			4
2022-06-17	18:44:40		61942			4
2022-06-17	18:44:40	61936	61943			6
2022-06-17	18:44:40		61944			4
2022-06-17	18:44:40			61944	1	56
2022-06-17	18:44:40		61942			4
2022-06-17	18:44:41			61942	1	56
2022-06-17	18:44:41			61942	1	56
2022-06-17	18:44:41	61937	61944			6
2022-06-17	18:44:41			61938	2	88
2022-06-17	18:44:41			61939	1	56
2022-06-17	18:44:41		61943			4
2022-06-17	18:44:41		61944			4
2022-06-17	18:44:41			61943	2	56
2022-06-17	18:44:41			61944	1	56
2022-06-17	18:44:41			61944	2	56
2022-06-17	18:44:41			61937	1	88
2022-06-17	18:44:41		61943			4
2022-06-17	18:44:41		61944			4
2022-06-17	18:44:41			61943	2	56
2022-06-17	18:44:41	61939				2
2022-06-17	18:44:41			61944	1	56
2022-06-17	18:44:41		61945			4
2022-06-17	18:44:41			61939	2	88
2022-06-17	18:44:41			61938	1	88
2022-06-17	18:44:41			61938	2	88
2022-06-17	18:44:41			61937	1	88
2022-06-17	18:44:41			61937	1	88
2022-06-17	18:44:41			61937	2	88
2022-06-17	18:44:41			61937	1	88
2022-06-17	18:44:41			61936	2	88
2022-06-17	18:44:41			61936	10	88
2022-06-17	18:44:41			61935	7	88
2022-06-17	18:44:41			61935	2	88
2022-06-17	18:44:41			61934	1	88
2022-06-17	18:44:41			61933	5	88
2022-06-17	18:44:41			61933	2	88
2022-06-17	18:44:41			61932	4	88
2022-06-17	18:44:41			61932	2	88
2022-06-17	18:44:41			61932	2	88
2022-06-17	18:44:41			61931	2	88
2022-06-17	18:44:41			61931	1	88
2022-06-17	18:44:41			61940	2	56
2022-06-17	18:44:41			61940	1	56
2022-06-17	18:44:41			61939	2	56
2022-06-17	18:44:41			61940	1	56
2022-06-17	18:44:41	61931	61943			6
2022-06-17	18:44:41		61942			4
2022-06-17	18:44:41			61941	2	56
2022-06-17	18:44:41		61941			4
2022-06-17	18:44:41		61939			4
2022-06-17	18:44:41		61943			4
2022-06-17	18:44:41		61942			4
2022-06-17	18:44:41		61941			4
2022-06-17	18:44:42		61940			4
2022-06-17	18:44:42			61939	2	56
2022-06-17	18:44:42		61939			4
2022-06-17	18:44:42	61930				2
2022-06-17	18:44:42			61931	1	88
2022-06-17	18:44:42			61930	11	88
2022-06-17	18:44:42	61931				2
2022-06-17	18:44:42		61941			4
2022-06-17	18:44:42		61939			4
2022-06-17	18:44:42		61941			4
2022-06-17	18:44:42			61941	2	56
2022-06-17	18:44:42			61941	1	56
2022-06-17	18:44:42			61942	2	56
2022-06-17	18:44:42	61932	61943			6
2022-06-17	18:44:42	61939				2
2022-06-17	18:44:42			61939	1	88
2022-06-17	18:44:42	61932	61942			6
2022-06-17	18:44:42			61937	3	56
2022-06-17	18:44:42		61939			4
2022-06-17	18:44:42	61934				2
2022-06-17	18:44:42	61931				2
2022-06-17	18:44:42			61934	2	88
2022-06-17	18:44:42			61933	1	88
2022-06-17	18:44:42			61933	2	88
2022-06-17	18:44:42			61932	2	88
2022-06-17	18:44:42			61932	2	88
2022-06-17	18:44:42			61931	2	88
2022-06-17	18:44:42			61931	1	88
2022-06-17	18:44:42			61931	8	88
2022-06-17	18:44:42		61940			4
2022-06-17	18:44:42			61939	2	56
2022-06-17	18:44:42			61940	1	56
2022-06-17	18:44:42			61940	2	56
2022-06-17	18:44:42			61940	2	56
2022-06-17	18:44:42		61939			4
2022-06-17	18:44:42		61940			4
2022-06-17	18:44:42			61939	2	56
2022-06-17	18:44:42	61932				2
2022-06-17	18:44:42			61939	2	56
2022-06-17	18:44:42		61939			4
2022-06-17	18:44:42		61940			4
2022-06-17	18:44:42			61939	2	56
2022-06-17	18:44:42			61940	1	56
2022-06-17	18:44:42			61940	2	56
2022-06-17	18:44:42			61941	2	56
2022-06-17	18:44:42		61945			4
2022-06-17	18:44:42		61944			4
2022-06-17	18:44:42	61933				2
2022-06-17	18:44:42	61934				2
2022-06-17	18:44:42			61934	1	88
2022-06-17	18:44:42		61943			4
2022-06-17	18:44:42	61933				2
2022-06-17	18:44:42			61934	1	88
2022-06-17	18:44:42			61933	1	88
2022-06-17	18:44:42	61935				2
2022-06-17	18:44:42	61934				2
2022-06-17	18:44:42		61944			4
2022-06-17	18:44:43		61939			4
2022-06-17	18:44:43			61939	2	56
2022-06-17	18:44:43		61940			4
2022-06-17	18:44:43			61940	2	56
2022-06-17	18:44:43			61940	12	56
2022-06-17	18:44:43			61940	2	56
2022-06-17	18:44:43	61936	61944			6
2022-06-17	18:44:43			61940	2	56
2022-06-17	18:44:43			61944	2	56
2022-06-17	18:44:43		61945			4
2022-06-17	18:44:43	61945	61946			6
2022-06-17	18:44:43			61945	1	56
2022-06-17	18:44:43			61945	1	56
2022-06-17	18:44:43			61946	1	56
2022-06-17	18:44:43			61945	1	88
2022-06-17	18:44:43	61935				2
2022-06-17	18:44:43			61945	7	88
2022-06-17	18:44:43			61940	2	88
2022-06-17	18:44:43			61939	2	88
2022-06-17	18:44:43			61938	2	88
2022-06-17	18:44:43			61937	2	88
2022-06-17	18:44:43			61937	2	88
2022-06-17	18:44:43			61936	2	88
2022-06-17	18:44:43	61933	61945			6
2022-06-17	18:44:43		61941			4
2022-06-17	18:44:43		61939			4
2022-06-17	18:44:43			61938	2	56
2022-06-17	18:44:43			61939	8	56
2022-06-17	18:44:43			61938	2	56
2022-06-17	18:44:43			61938	2	56
2022-06-17	18:44:43	61934	61941			6
2022-06-17	18:44:43			61938	2	56
2022-06-17	18:44:43			61939	1	56
2022-06-17	18:44:43			61939	1	56
2022-06-17	18:44:43	61931				2
2022-06-17	18:44:43	61930				2
2022-06-17	18:44:43			61934	2	88
2022-06-17	18:44:43			61933	1	88
2022-06-17	18:44:43			61933	2	88
2022-06-17	18:44:43			61932	2	88
2022-06-17	18:44:43			61932	2	88
2022-06-17	18:44:43			61931	1	88
2022-06-17	18:44:43			61931	2	88
2022-06-17	18:44:43	61931				2
2022-06-17	18:44:43			61941	2	56
2022-06-17	18:44:43			61941	1	56
2022-06-17	18:44:43	61932	61940			6
2022-06-17	18:44:43	61933				2
2022-06-17	18:44:44			61940	1	56
2022-06-17	18:44:44	61934				2
2022-06-17	18:44:44			61940	1	56
2022-06-17	18:44:44			61940	1	56
2022-06-17	18:44:44		61941			4
2022-06-17	18:44:44			61939	2	56
2022-06-17	18:44:44			61940	2	56
2022-06-17	18:44:44			61941	2	56
2022-06-17	18:44:44			61941	2	56
2022-06-17	18:44:44			61941	5	56
2022-06-17	18:44:44			61941	1	56
2022-06-17	18:44:44			61942	29	56
2022-06-17	18:44:44			61942	1	56
2022-06-17	18:44:44			61934	2	88
2022-06-17	18:44:44			61934	2	88
2022-06-17	18:44:44			61933	1	88
2022-06-17	18:44:44		61943			4
2022-06-17	18:44:44		61941			4
2022-06-17	18:44:44	61933				2
2022-06-17	18:44:44			61941	2	56
2022-06-17	18:44:44			61942	2	56
2022-06-17	18:44:44	61934				2
2022-06-17	18:44:44	61935	61943			6
2022-06-17	18:44:44			61943	1	56
2022-06-17	18:44:44			61935	2	88
2022-06-17	18:44:44			61934	1	88
2022-06-17	18:44:44			61934	2	88
2022-06-17	18:44:44			61933	2	88
2022-06-17	18:44:44			61932	1	88
2022-06-17	18:44:44	61932				2
2022-06-17	18:44:44	61933	61942			6
2022-06-17	18:44:44	61935				2
2022-06-17	18:44:44	61936				2
2022-06-17	18:44:44		61940			4
2022-06-17	18:44:44	61935				2
2022-06-17	18:44:44			61940	1	56
2022-06-17	18:44:44		61941			4
2022-06-17	18:44:44	61936				2
2022-06-17	18:44:44			61936	1	88
2022-06-17	18:44:44	61930				2
2022-06-17	18:44:44			61936	1	88
2022-06-17	18:44:44			61935	10	88
2022-06-17	18:44:44			61935	2	88
2022-06-17	18:44:44			61934	1	88
2022-06-17	18:44:44			61934	2	88
2022-06-17	18:44:44			61933	1	88
2022-06-17	18:44:44			61933	2	88
2022-06-17	18:44:44			61932	2	88
2022-06-17	18:44:44			61932	2	88
2022-06-17	18:44:44			61931	2	88
2022-06-17	18:44:44			61931	2	88
2022-06-17	18:44:44			61930	9	88
2022-06-17	18:44:44			61930	1	88
2022-06-17	18:44:44			61930	4	88
2022-06-17	18:44:44			61930	5	88
2022-06-17	18:44:44			61930	2	88
2022-06-17	18:44:44			61930	1	88
2022-06-17	18:44:44			61930	10	88
2022-06-17	18:44:44			61930	1	88
2022-06-17	18:44:44	61929				2
2022-06-17	18:44:44		61939			4
2022-06-17	18:44:45		61940			4
2022-06-17	18:44:45			61939	2	56
2022-06-17	18:44:45			61940	2	56
2022-06-17	18:44:45			61940	2	56
2022-06-17	18:44:45			61941	2	56
2022-06-17	18:44:45		61938			4
2022-06-17	18:44:45			61929	1	88
2022-06-17	18:44:45		61939			4
2022-06-17	18:44:45		61941			4
2022-06-17	18:44:45			61939	2	56
2022-06-17	18:44:45			61940	2	56
2022-06-17	18:44:45			61940	4	56
2022-06-17	18:44:45			61941	4	56
2022-06-17	18:44:45	61930				2
2022-06-17	18:44:45			61930	2	88
2022-06-17	18:44:45		61940			4
2022-06-17	18:44:45		61939			4
2022-06-17	18:44:45		61937			4
2022-06-17	18:44:45		61940			4
2022-06-17	18:44:45		61938			4
2022-06-17	18:44:45	61929				2
2022-06-17	18:44:45			61930	2	88
2022-06-17	18:44:45			61930	2	88
2022-06-17	18:44:45			61929	1	88
2022-06-17	18:44:45			61929	1	88
2022-06-17	18:44:45		61936			4
2022-06-17	18:44:45			61929	1	88
2022-06-17	18:44:45	61928	61929			6
2022-06-17	18:44:45			61929	5	88
2022-06-17	18:44:45			61928	4	88
2022-06-17	18:44:45			61928	2	88
2022-06-17	18:44:45			61928	4	88
2022-06-17	18:44:45			61928	4	88
2022-06-17	18:44:45			61928	1	88
2022-06-17	18:44:45			61928	4	88
2022-06-17	18:44:45			61928	4	88
2022-06-17	18:44:45			61928	1	88
2022-06-17	18:44:45			61928	3	88
2022-06-17	18:44:45			61928	1	88
2022-06-17	18:44:45			61927	3	88
2022-06-17	18:44:45			61927	1	88
2022-06-17	18:44:45			61927	1	88
2022-06-17	18:44:45			61929	1	56
2022-06-17	18:44:45			61927	1	88
2022-06-17	18:44:45			61927	4	88
2022-06-17	18:44:45			61927	4	88
2022-06-17	18:44:45			61927	4	88
2022-06-17	18:44:45			61927	4	88
2022-06-17	18:44:45			61927	1	88
2022-06-17	18:44:45			61927	2	88
2022-06-17	18:44:45			61927	4	88
2022-06-17	18:44:45			61927	4	88
2022-06-17	18:44:45			61927	4	88
2022-06-17	18:44:45	61927	61928			6
2022-06-17	18:44:45			61928	4	56
2022-06-17	18:44:45			61928	1	56
2022-06-17	18:44:45		61933			4
2022-06-17	18:44:45	61928				2
2022-06-17	18:44:45			61933	1	56
2022-06-17	18:44:45			61928	1	88
2022-06-17	18:44:45			61928	1	88
2022-06-17	18:44:45		61932			4
2022-06-17	18:44:46		61933			4
2022-06-17	18:44:46			61932	1	56
2022-06-17	18:44:46			61933	2	56
2022-06-17	18:44:46			61933	2	56
2022-06-17	18:44:46	61927				2
2022-06-17	18:44:46			61928	4	88
2022-06-17	18:44:46			61928	1	88
2022-06-17	18:44:46			61928	2	88
2022-06-17	18:44:46			61927	28	88
2022-06-17	18:44:46	61928				2
2022-06-17	18:44:47	61932				2
2022-06-17	18:44:47		61934			4
2022-06-17	18:44:47			61934	2	56
2022-06-17	18:44:47			61934	1	56
2022-06-17	18:44:47			61932	1	88
2022-06-17	18:44:47			61931	1	88
2022-06-17	18:44:47	61929				2
2022-06-17	18:44:47	61928				2
2022-06-17	18:44:47			61929	2	88
2022-06-17	18:44:47			61928	2	88
2022-06-17	18:44:47			61928	1	88
2022-06-17	18:44:47	61927	61933			6
2022-06-17	18:44:47			61934	1	56
2022-06-17	18:44:47			61927	9	88
2022-06-17	18:44:47			61929	1	88
2022-06-17	18:44:47			61927	7	88
2022-06-17	18:44:47			61927	8	88
2022-06-17	18:44:48		61932			4
2022-06-17	18:44:48			61932	2	56
2022-06-17	18:44:48			61927	8	88
2022-06-17	18:44:48			61927	2	88
2022-06-17	18:44:48			61927	1	88
2022-06-17	18:44:48			61927	2	88
2022-06-17	18:44:48			61927	2	88
2022-06-17	18:44:48			61927	2	88
2022-06-17	18:44:48			61927	1	88
2022-06-17	18:44:48			61927	1	88
2022-06-17	18:44:48			61927	1	88
2022-06-17	18:44:48			61927	1	88
2022-06-17	18:44:48			61927	1	88
2022-06-17	18:44:48			61932	1	56
2022-06-17	18:44:48			61932	1	56
2022-06-17	18:44:48			61932	1	56
2022-06-17	18:44:48			61927	1	88
2022-06-17	18:44:48			61932	1	88
2022-06-17	18:44:49			61927	1	88
2022-06-17	18:44:49			61927	20	88
2022-06-17	18:44:49			61927	1	88
2022-06-17	18:44:49			61927	2	88
2022-06-17	18:44:49			61927	9	88
2022-06-17	18:44:49		61931			4
2022-06-17	18:44:49			61927	1	88
2022-06-17	18:44:49			61931	1	56
2022-06-17	18:44:49			61927	2	88
2022-06-17	18:44:49		61930			4
2022-06-17	18:44:49			61927	8	88
2022-06-17	18:44:50			61927	1	88
2022-06-17	18:44:50			61927	9	88
2022-06-17	18:44:50			61930	1	56
2022-06-17	18:44:50			61930	1	56
2022-06-17	18:44:50			61927	44	88
2022-06-17	18:44:50			61927	1	88
2022-06-17	18:44:50			61927	1	88
2022-06-17	18:44:50			61927	1	88
2022-06-17	18:44:50			61927	8	88
2022-06-17	18:44:50			61927	2	88
2022-06-17	18:44:50			61926	5	88
2022-06-17	18:44:50			61926	1	88
2022-06-17	18:44:50			61926	1	88
2022-06-17	18:44:50			61925	24	88
2022-06-17	18:44:50			61925	1	88
2022-06-17	18:44:50			61925	1	88
2022-06-17	18:44:50			61925	10	88
2022-06-17	18:44:50			61924	1	88
2022-06-17	18:44:50	61924				2
2022-06-17	18:44:50			61930	1	56
2022-06-17	18:44:50			61930	7	56
2022-06-17	18:44:50			61930	2	56
2022-06-17	18:44:50			61931	3	56
2022-06-17	18:44:50		61931			4
2022-06-17	18:44:50			61931	1	56
2022-06-17	18:44:50			61931	2	56
2022-06-17	18:44:50	61922				2
2022-06-17	18:44:50			61924	1	56
2022-06-17	18:44:50			61924	1	56
2022-06-17	18:44:50			61924	1	88
2022-06-17	18:44:50			61924	1	88
2022-06-17	18:44:50			61924	2	88
2022-06-17	18:44:50			61923	2	56
2022-06-17	18:44:50			61923	10	56
2022-06-17	18:44:50			61923	1	88
2022-06-17	18:44:50			61922	1	88
2022-06-17	18:44:50			61922	1	88
2022-06-17	18:44:50			61922	1	56
2022-06-17	18:44:50			61922	2	88
2022-06-17	18:44:50			61922	1	88
2022-06-17	18:44:50			61922	2	88
2022-06-17	18:44:50			61922	1	88
2022-06-17	18:44:50			61922	7	88
2022-06-17	18:44:50			61922	15	88
2022-06-17	18:44:50		61930			4
2022-06-17	18:44:50	61921	61929			6
2022-06-17	18:44:50			61921	1	88
2022-06-17	18:44:50			61929	2	56
2022-06-17	18:44:50	61922				2
2022-06-17	18:44:50			61922	3	88
2022-06-17	18:44:50			61922	2	88
2022-06-17	18:44:50			61921	7	88
2022-06-17	18:44:50	61921				2
2022-06-17	18:44:51			61921	1	88
2022-06-17	18:44:51			61929	1	56
2022-06-17	18:44:51	61922				2
2022-06-17	18:44:51	61921				2
2022-06-17	18:44:51			61922	1	88
2022-06-17	18:44:51			61921	1	88
2022-06-17	18:44:51		61924			4
2022-06-17	18:44:51			61921	2	88
2022-06-17	18:44:51			61921	1	88
2022-06-17	18:44:52			61921	5	88
2022-06-17	18:44:52	61922	61929			6
2022-06-17	18:44:52			61924	2	56
2022-06-17	18:44:52			61929	1	56
2022-06-17	18:44:52			61929	2	56
2022-06-17	18:44:52			61930	2	56
2022-06-17	18:44:52		61930			4
2022-06-17	18:44:52			61929	1	56
2022-06-17	18:44:52			61930	1	56
2022-06-17	18:44:52			61930	10	56
2022-06-17	18:44:52			61922	1	88
2022-06-17	18:44:52			61922	2	88
2022-06-17	18:44:52			61922	2	88
2022-06-17	18:44:52			61921	27	88
2022-06-17	18:44:52			61930	2	56
2022-06-17	18:44:52			61930	2	56
2022-06-17	18:44:52			61930	1	56
2022-06-17	18:44:52			61931	5	56
2022-06-17	18:44:52			61931	2	56
2022-06-17	18:44:52			61931	2	56
2022-06-17	18:44:52			61931	5	56
2022-06-17	18:44:52			61932	1	88
2022-06-17	18:44:52			61932	2	56
2022-06-17	18:44:52			61933	1	56
2022-06-17	18:44:52			61933	6	88
2022-06-17	18:44:52			61933	2	56
2022-06-17	18:44:52			61934	2	56
2022-06-17	18:44:52			61935	2	56
2022-06-17	18:44:52			61935	2	56
2022-06-17	18:44:52			61936	2	56
2022-06-17	18:44:52			61936	2	56
2022-06-17	18:44:52			61937	2	56
2022-06-17	18:44:52			61938	2	56
2022-06-17	18:44:52			61938	1	56
2022-06-17	18:44:52			61938	2	56
2022-06-17	18:44:52			61939	2	56
2022-06-17	18:44:52			61939	2	56
2022-06-17	18:44:52			61939	2	56
2022-06-17	18:44:52			61940	2	56
2022-06-17	18:44:52			61940	4	56
2022-06-17	18:44:52	61927	61939			6
2022-06-17	18:44:52	61925				2
2022-06-17	18:44:52		61940			4
2022-06-17	18:44:52			61939	5	56
2022-06-17	18:44:52		61939			4
2022-06-17	18:44:52			61925	1	88
2022-06-17	18:44:52			61925	1	88
2022-06-17	18:44:52	61926				2
2022-06-17	18:44:52	61933				2
2022-06-17	18:44:53			61939	4	56
2022-06-17	18:44:53			61933	5	88
2022-06-17	18:44:53			61931	2	88
2022-06-17	18:44:53			61930	2	88
2022-06-17	18:44:53			61929	2	88
2022-06-17	18:44:53			61929	2	88
2022-06-17	18:44:53			61928	2	88
2022-06-17	18:44:53			61928	2	88
2022-06-17	18:44:53			61927	2	88
2022-06-17	18:44:53			61926	2	88
2022-06-17	18:44:53			61925	2	88
2022-06-17	18:44:53			61924	2	88
2022-06-17	18:44:53			61923	2	88
2022-06-17	18:44:53			61922	11	88
2022-06-17	18:44:53			61922	2	88
2022-06-17	18:44:53			61922	8	88
2022-06-17	18:44:53			61922	2	88
2022-06-17	18:44:53	61921				2
2022-06-17	18:44:53	61922	61938			6
2022-06-17	18:44:53		61936			4
2022-06-17	18:44:53		61934			4
2022-06-17	18:44:53			61922	4	88
2022-06-17	18:44:53	61925				2
2022-06-17	18:44:53		61935			4
2022-06-17	18:44:53			61934	2	56
2022-06-17	18:44:53			61934	2	56
2022-06-17	18:44:53			61935	2	56
2022-06-17	18:44:53			61935	7	56
2022-06-17	18:44:53	61927	61934			6
2022-06-17	18:44:53			61934	1	56
2022-06-17	18:44:53	61928				2
2022-06-17	18:44:53			61934	1	56
2022-06-17	18:44:53			61934	2	56
2022-06-17	18:44:53	61927				2
2022-06-17	18:44:53			61928	2	88
2022-06-17	18:44:53			61927	3	88
2022-06-17	18:44:53		61932			4
2022-06-17	18:44:53			61932	8	56
2022-06-17	18:44:53			61932	2	56
2022-06-17	18:44:53			61933	2	56
2022-06-17	18:44:53			61933	2	56
2022-06-17	18:44:53	61928				2
2022-06-17	18:44:53		61933			4
2022-06-17	18:44:53			61932	1	56
2022-06-17	18:44:53		61935			4
2022-06-17	18:44:53			61933	6	56
2022-06-17	18:44:53			61933	2	56
2022-06-17	18:44:53			61934	2	56
2022-06-17	18:44:53		61938			4
2022-06-17	18:44:53			61938	1	56
2022-06-17	18:44:53	61930	61939			6
2022-06-17	18:44:53			61939	1	56
2022-06-17	18:44:53		61938			4
2022-06-17	18:44:53		61939			4
2022-06-17	18:44:53			61938	1	56
2022-06-17	18:44:53			61930	1	88
2022-06-17	18:44:54			61939	1	56
2022-06-17	18:44:54		61938			4
2022-06-17	18:44:54		61937			4
2022-06-17	18:44:54	61929				2
2022-06-17	18:44:54			61937	1	56
2022-06-17	18:44:54		61940			4
2022-06-17	18:44:54			61937	4	56
2022-06-17	18:44:54			61938	10	56
2022-06-17	18:44:54			61940	1	56
2022-06-17	18:44:54	61930				2
2022-06-17	18:44:54	61931				2
2022-06-17	18:44:54		61939			4
2022-06-17	18:44:54		61938			4
2022-06-17	18:44:54			61931	2	88
2022-06-17	18:44:54			61931	1	88
2022-06-17	18:44:54	61930				2
2022-06-17	18:44:54			61931	2	88
2022-06-17	18:44:54			61931	2	88
2022-06-17	18:44:54			61930	2	88
2022-06-17	18:44:54	61929	61937			6
2022-06-17	18:44:54			61930	2	88
2022-06-17	18:44:54			61929	2	88
2022-06-17	18:44:54			61927	2	88
2022-06-17	18:44:54			61927	1	88
2022-06-17	18:44:54			61927	2	88
2022-06-17	18:44:54			61926	1	88
2022-06-17	18:44:54			61926	4	88
2022-06-17	18:44:54			61925	4	88
2022-06-17	18:44:54			61925	4	88
2022-06-17	18:44:54			61925	2	88
2022-06-17	18:44:54			61925	4	88
2022-06-17	18:44:54			61925	1	88
2022-06-17	18:44:54	61921	61928			6
2022-06-17	18:44:54			61921	8	88
2022-06-17	18:44:54			61921	6	88
2022-06-17	18:44:54	61922				2
2022-06-17	18:44:54			61922	3	88
2022-06-17	18:44:54			61926	10	88
2022-06-17	18:44:54	61921				2
2022-06-17	18:44:54	61922				2
2022-06-17	18:44:55		61929			4
2022-06-17	18:44:55			61928	4	56
2022-06-17	18:44:55			61928	4	56
2022-06-17	18:44:55			61929	2	56
2022-06-17	18:44:55	61921				2
2022-06-17	18:44:55			61929	1	56
2022-06-17	18:44:55	61922	61930			6
2022-06-17	18:44:55			61922	2	88
2022-06-17	18:44:55	61923				2
2022-06-17	18:44:55	61921				2
2022-06-17	18:44:55			61923	1	88
2022-06-17	18:44:55			61921	10	88
2022-06-17	18:44:55		61929			4
2022-06-17	18:44:55			61929	1	56
2022-06-17	18:44:55	61922	61930			6
2022-06-17	18:44:55	61921	61924			6
2022-06-17	18:44:55	61922				2
2022-06-17	18:44:55			61922	1	88
2022-06-17	18:44:55	61921				2
2022-06-17	18:44:55	61922				2
2022-06-17	18:44:55	61924	61928			6
2022-06-17	18:44:55			61924	1	56
2022-06-17	18:44:55			61928	2	56
2022-06-17	18:44:55			61929	2	56
2022-06-17	18:44:55			61930	2	56
2022-06-17	18:44:55			61930	2	56
2022-06-17	18:44:55			61930	1	56
2022-06-17	18:44:55			61931	2	56
2022-06-17	18:44:55			61931	4	56
2022-06-17	18:44:55			61931	4	56
2022-06-17	18:44:55			61931	2	56
2022-06-17	18:44:55			61932	2	56
2022-06-17	18:44:55			61932	4	56
2022-06-17	18:44:55			61932	2	56
2022-06-17	18:44:55			61933	2	56
2022-06-17	18:44:55			61933	2	56
2022-06-17	18:44:55			61934	2	56
2022-06-17	18:44:55			61934	2	56
2022-06-17	18:44:55			61934	4	56
2022-06-17	18:44:55			61934	4	56
2022-06-17	18:44:55			61935	2	56
2022-06-17	18:44:55			61935	2	56
2022-06-17	18:44:55			61935	5	56
2022-06-17	18:44:55			61936	2	56
2022-06-17	18:44:55			61936	2	56
2022-06-17	18:44:55			61936	2	56
2022-06-17	18:44:55			61937	2	56
2022-06-17	18:44:55			61937	2	56
2022-06-17	18:44:55			61937	2	56
2022-06-17	18:44:55			61938	3	56
2022-06-17	18:44:55			61938	2	56
2022-06-17	18:44:55			61938	2	56
2022-06-17	18:44:55			61939	2	56
2022-06-17	18:44:55			61939	2	56
2022-06-17	18:44:55			61939	1	56
2022-06-17	18:44:55			61940	10	56
2022-06-17	18:44:55			61940	2	56
2022-06-17	18:44:55			61940	2	56
2022-06-17	18:44:55			61940	4	56
2022-06-17	18:44:55			61941	18	56
2022-06-17	18:44:55			61941	1	56
2022-06-17	18:44:55			61941	1	56
2022-06-17	18:44:55			61941	2	56
2022-06-17	18:44:55			61941	2	56
2022-06-17	18:44:55			61942	283	56
2022-06-17	18:44:55			61942	2	56
2022-06-17	18:44:55			61943	2	56
2022-06-17	18:44:55			61944	2	56
2022-06-17	18:44:55			61945	2	56
2022-06-17	18:44:55			61946	1	56
2022-06-17	18:44:55			61946	2	56
2022-06-17	18:44:55			61946	200	56
2022-06-17	18:44:55			61947	2	56
2022-06-17	18:44:55			61948	2	56
2022-06-17	18:44:55			61948	2	56
2022-06-17	18:44:55			61949	2	56
2022-06-17	18:44:55			61949	2	56
2022-06-17	18:44:55			61949	14	56
2022-06-17	18:44:55			61950	1	56
2022-06-17	18:44:55			61950	250	56
2022-06-17	18:44:55			61950	1	56
2022-06-17	18:44:55			61951	1	56
2022-06-17	18:44:55			61951	4	56
2022-06-17	18:44:55			61951	2	56
2022-06-17	18:44:55			61951	4	56
2022-06-17	18:44:55			61951	1	56
2022-06-17	18:44:55			61951	1	56
2022-06-17	18:44:55			61951	4	56
2022-06-17	18:44:55			61951	4	56
2022-06-17	18:44:55			61951	2	56
2022-06-17	18:44:55			61951	4	56
2022-06-17	18:44:55			61951	1	56
2022-06-17	18:44:55			61951	50	56
2022-06-17	18:44:55			61951	50	56
2022-06-17	18:44:55			61951	2	56
2022-06-17	18:44:55	61950	61951			6
2022-06-17	18:44:55			61951	11	56
2022-06-17	18:44:55			61951	4	56
2022-06-17	18:44:55			61951	4	56
2022-06-17	18:44:55			61951	1	56
2022-06-17	18:44:55			61951	4	56
2022-06-17	18:44:55			61951	4	56
2022-06-17	18:44:55			61951	4	56
2022-06-17	18:44:55			61951	2	56
2022-06-17	18:44:55			61951	36	56
2022-06-17	18:44:55			61951	1	56
2022-06-17	18:44:55			61952	2	56
2022-06-17	18:44:55			61952	2	56
2022-06-17	18:44:55			61952	4	56
2022-06-17	18:44:55			61952	8	56
2022-06-17	18:44:55			61952	4	56
2022-06-17	18:44:55			61954	1	56
2022-06-17	18:44:55			61954	1	56
2022-06-17	18:44:55			61954	1	56
2022-06-17	18:44:55	61951	61954			6
2022-06-17	18:44:55			61954	1	56
2022-06-17	18:44:56	61952				2
2022-06-17	18:44:56			61952	1	88
2022-06-17	18:44:56	61951				2
2022-06-17	18:44:56		61953			4
2022-06-17	18:44:56			61953	1	56
2022-06-17	18:44:56		61954			4
2022-06-17	18:44:56			61953	5	56
2022-06-17	18:44:56			61954	15	56
2022-06-17	18:44:56			61951	2	88
2022-06-17	18:44:56		61953			4
2022-06-17	18:44:56			61951	18	88
2022-06-17	18:44:56			61951	3	88
2022-06-17	18:44:56			61950	1	88
2022-06-17	18:44:56			61950	2	88
2022-06-17	18:44:56			61949	4	88
2022-06-17	18:44:56			61949	2	88
2022-06-17	18:44:56			61948	2	88
2022-06-17	18:44:56			61948	4	88
2022-06-17	18:44:56			61947	2	88
2022-06-17	18:44:56			61947	4	88
2022-06-17	18:44:56			61946	2	88
2022-06-17	18:44:56			61946	2	88
2022-06-17	18:44:56			61946	2	88
2022-06-17	18:44:56			61945	2	88
2022-06-17	18:44:56			61945	4	88
2022-06-17	18:44:56			61945	4	88
2022-06-17	18:44:56			61944	2	88
2022-06-17	18:44:56			61944	2	88
2022-06-17	18:44:56			61943	2	88
2022-06-17	18:44:56			61942	2	88
2022-06-17	18:44:56			61941	2	88
2022-06-17	18:44:56			61935	2	88
2022-06-17	18:44:56			61935	1	88
2022-06-17	18:44:56			61933	1	88
2022-06-17	18:44:56			61933	1	88
2022-06-17	18:44:56			61931	1	88
2022-06-17	18:44:56			61931	2	88
2022-06-17	18:44:56			61925	1	88
2022-06-17	18:44:56			61925	1	88
2022-06-17	18:44:56			61925	1	88
2022-06-17	18:44:56			61925	1	88
2022-06-17	18:44:56			61925	2	88
2022-06-17	18:44:56			61924	5	88
2022-06-17	18:44:56			61924	1	88
2022-06-17	18:44:56			61924	1	88
2022-06-17	18:44:56			61923	1	88
2022-06-17	18:44:56			61923	1	88
2022-06-17	18:44:56			61923	6	88
2022-06-17	18:44:56			61922	19	88
2022-06-17	18:44:56			61922	8	88
2022-06-17	18:44:56			61921	96	88
2022-06-17	18:44:56			61942	1	88
2022-06-17	18:44:56			61942	1	88
2022-06-17	18:44:56	61942	61944			6
2022-06-17	18:44:56			61942	2	88
2022-06-17	18:44:56	61941				2
2022-06-17	18:44:56	61939	61941			6
2022-06-17	18:44:56			61942	2	56
2022-06-17	18:44:56			61942	8	56
2022-06-17	18:44:56			61941	2	88
2022-06-17	18:44:56			61942	3	56
2022-06-17	18:44:56			61941	2	88
2022-06-17	18:44:56			61942	2	56
2022-06-17	18:44:56			61942	5	56
2022-06-17	18:44:56			61940	2	56
2022-06-17	18:44:56			61941	1	56
2022-06-17	18:44:56			61941	3	56
2022-06-17	18:44:56			61939	4	88
2022-06-17	18:44:56			61939	4	88
2022-06-17	18:44:56			61939	4	88
2022-06-17	18:44:56			61939	4	88
2022-06-17	18:44:56			61939	10	56
2022-06-17	18:44:56			61939	3	56
2022-06-17	18:44:56			61938	8	56
2022-06-17	18:44:56			61938	7	56
2022-06-17	18:44:56			61936	3	56
2022-06-17	18:44:56			61936	2	56
2022-06-17	18:44:56			61936	8	56
2022-06-17	18:44:56			61935	4	88
2022-06-17	18:44:56			61935	2	88
2022-06-17	18:44:56			61934	2	88
2022-06-17	18:44:56			61934	2	56
2022-06-17	18:44:56			61934	6	56
2022-06-17	18:44:56	61933				2
2022-06-17	18:44:56			61941	1	56
2022-06-17	18:44:56	61934				2
2022-06-17	18:44:56		61942			4
2022-06-17	18:44:56		61941			4
2022-06-17	18:44:56	61936	61942			6
2022-06-17	18:44:56	61935				2
2022-06-17	18:44:56			61936	2	88
2022-06-17	18:44:56			61935	1	88
2022-06-17	18:44:56	61934	61941			6
2022-06-17	18:44:56			61941	1	56
2022-06-17	18:44:56			61941	1	56
2022-06-17	18:44:56			61942	1	56
2022-06-17	18:44:56			61942	2	56
2022-06-17	18:44:56			61942	5	56
2022-06-17	18:44:56			61943	2	56
2022-06-17	18:44:56			61943	2	56
2022-06-17	18:44:56			61944	2	56
2022-06-17	18:44:56	61935	61945			6
2022-06-17	18:44:56	61929				2
2022-06-17	18:44:56			61935	2	88
2022-06-17	18:44:56			61934	6	88
2022-06-17	18:44:56			61934	3	88
2022-06-17	18:44:56			61934	2	88
2022-06-17	18:44:56			61933	4	88
2022-06-17	18:44:56			61933	4	88
2022-06-17	18:44:56			61933	4	88
2022-06-17	18:44:56			61933	4	88
2022-06-17	18:44:56			61933	2	88
2022-06-17	18:44:56			61932	2	88
2022-06-17	18:44:56			61931	2	88
2022-06-17	18:44:56			61931	2	88
2022-06-17	18:44:56			61930	2	88
2022-06-17	18:44:56			61930	1	88
2022-06-17	18:44:56			61930	1	88
2022-06-17	18:44:56			61930	2	88
2022-06-17	18:44:56			61929	2	88
2022-06-17	18:44:56			61929	4	88
2022-06-17	18:44:56			61929	1	88
2022-06-17	18:44:56	61927	61944			6
2022-06-17	18:44:56	61928	61941			6
2022-06-17	18:44:56		61939			4
2022-06-17	18:44:56		61938			4
2022-06-17	18:44:57	61932	61940			6
2022-06-17	18:44:57		61937			4
2022-06-17	18:44:57	61933				2
2022-06-17	18:44:57			61937	1	56
2022-06-17	18:44:57			61937	1	56
2022-06-17	18:44:57		61939			4
2022-06-17	18:44:57			61937	1	56
2022-06-17	18:44:58		61940			4
2022-06-17	18:44:58			61939	2	56
2022-06-17	18:44:58			61940	2	56
2022-06-17	18:44:58		61939			4
2022-06-17	18:44:58			61939	2	56
2022-06-17	18:44:58		61940			4
2022-06-17	18:44:58		61939			4
2022-06-17	18:44:58			61939	2	56
2022-06-17	18:44:58			61940	1	56
2022-06-17	18:44:58	61934	61941			6
2022-06-17	18:44:58		61942			4
2022-06-17	18:44:58			61942	2	56
2022-06-17	18:44:58			61942	2	56
2022-06-17	18:44:58			61943	2	56
2022-06-17	18:44:58		61943			4
2022-06-17	18:44:58			61943	4	56
2022-06-17	18:44:58	61936	61945			6
2022-06-17	18:44:58		61938			4
2022-06-17	18:44:58	61934				2
2022-06-17	18:44:58			61938	1	56
2022-06-17	18:44:58			61938	1	56
2022-06-17	18:44:58			61938	1	56
2022-06-17	18:44:58			61938	1	56
2022-06-17	18:44:58			61938	1	56
2022-06-17	18:44:58			61938	1	56
2022-06-17	18:44:58			61938	2	56
2022-06-17	18:44:58			61938	2	56
2022-06-17	18:44:58			61938	1	56
2022-06-17	18:44:58			61938	2	56
2022-06-17	18:44:58	61936				2
2022-06-17	18:44:58			61938	1	56
2022-06-17	18:44:59			61938	2	56
2022-06-17	18:44:59			61938	1	56
2022-06-17	18:44:59			61936	1	88
2022-06-17	18:44:59	61931				2
2022-06-17	18:44:59			61936	1	88
2022-06-17	18:44:59			61935	2	88
2022-06-17	18:44:59			61935	1	88
2022-06-17	18:44:59			61934	2	88
2022-06-17	18:44:59			61933	4	88
2022-06-17	18:44:59			61933	2	88
2022-06-17	18:44:59			61932	1	88
2022-06-17	18:44:59			61932	2	88
2022-06-17	18:44:59			61932	2	88
2022-06-17	18:44:59			61931	2	88
2022-06-17	18:44:59	61930	61937			6
2022-06-17	18:44:59			61937	2	56
2022-06-17	18:44:59			61930	1	88
2022-06-17	18:44:59			61930	1	88
2022-06-17	18:44:59			61930	1	88
2022-06-17	18:44:59			61930	1	88
2022-06-17	18:45:00			61937	2	56
2022-06-17	18:45:00		61936			4
2022-06-17	18:45:00	61932				2
2022-06-17	18:45:00			61936	1	56
2022-06-17	18:45:00		61937			4
2022-06-17	18:45:00		61936			4
2022-06-17	18:45:00			61936	1	56
2022-06-17	18:45:00		61937			4
2022-06-17	18:45:00	61930				2
2022-06-17	18:45:00			61932	1	88
2022-06-17	18:45:00			61931	2	88
2022-06-17	18:45:00			61930	1	88
2022-06-17	18:45:00			61930	4	88
2022-06-17	18:45:00	61931				2
2022-06-17	18:45:00	61930				2
2022-06-17	18:45:00			61930	3	88
2022-06-17	18:45:00			61929	2	88
2022-06-17	18:45:00			61929	2	88
2022-06-17	18:45:00			61929	2	88
2022-06-17	18:45:00			61928	6	88
2022-06-17	18:45:00			61927	3	88
2022-06-17	18:45:00			61927	4	88
2022-06-17	18:45:00			61927	4	88
2022-06-17	18:45:00			61927	2	88
2022-06-17	18:45:00			61926	4	88
2022-06-17	18:45:00			61926	4	88
2022-06-17	18:45:00			61926	2	88
2022-06-17	18:45:00			61926	5	88
2022-06-17	18:45:00			61926	1	88
2022-06-17	18:45:00			61926	1	88
2022-06-17	18:45:00			61925	1	88
2022-06-17	18:45:00			61925	2	88
2022-06-17	18:45:00			61924	2	88
2022-06-17	18:45:00	61924	61933			6
2022-06-17	18:45:00		61932			4
2022-06-17	18:45:00	61922				2
2022-06-17	18:45:00			61924	5	88
2022-06-17	18:45:00			61923	3	88
2022-06-17	18:45:00			61932	1	56
2022-06-17	18:45:00		61933			4
2022-06-17	18:45:00			61932	5	56
2022-06-17	18:45:00		61932			4
2022-06-17	18:45:00			61932	1	56
2022-06-17	18:45:00			61932	1	56
2022-06-17	18:45:01			61932	2	56
2022-06-17	18:45:01		61933			4
2022-06-17	18:45:01			61932	2	56
2022-06-17	18:45:01		61932			4
2022-06-17	18:45:01			61922	1	88
2022-06-17	18:45:01		61931			4
2022-06-17	18:45:01		61936			4
2022-06-17	18:45:01		61935			4
2022-06-17	18:45:01		61934			4
2022-06-17	18:45:01		61932			4
2022-06-17	18:45:01			61932	1	56
2022-06-17	18:45:01			61932	1	56
2022-06-17	18:45:01			61932	2	56
2022-06-17	18:45:01			61932	2	56
2022-06-17	18:45:01			61933	6	56
2022-06-17	18:45:01			61933	2	56
2022-06-17	18:45:01			61934	2	56
2022-06-17	18:45:01			61935	2	56
2022-06-17	18:45:01			61936	2	56
2022-06-17	18:45:01			61937	2	56
2022-06-17	18:45:01			61937	1	56
2022-06-17	18:45:01			61938	18	56
2022-06-17	18:45:01			61938	2	56
2022-06-17	18:45:01			61939	2	56
2022-06-17	18:45:01			61940	2	56
2022-06-17	18:45:01			61941	2	56
2022-06-17	18:45:01			61942	1	56
2022-06-17	18:45:01			61944	6	56
2022-06-17	18:45:01			61944	1	56
2022-06-17	18:45:01			61945	1	56
2022-06-17	18:45:01			61946	1	56
2022-06-17	18:45:01			61948	2	56
2022-06-17	18:45:01			61948	15	56
2022-06-17	18:45:01	61923	61949			6
2022-06-17	18:45:01			61923	2	88
2022-06-17	18:45:01			61923	1	88
2022-06-17	18:45:01	61938	61942			6
2022-06-17	18:45:01			61941	1	56
2022-06-17	18:45:01		61941			4
2022-06-17	18:45:01	61937				2
2022-06-17	18:45:01			61938	2	88
2022-06-17	18:45:01			61937	2	88
2022-06-17	18:45:01			61937	1	88
2022-06-17	18:45:01	61938				2
2022-06-17	18:45:01			61941	5	56
2022-06-17	18:45:01			61938	1	88
2022-06-17	18:45:01	61939				2
2022-06-17	18:45:01	61940				2
2022-06-17	18:45:01	61939				2
2022-06-17	18:45:01			61940	2	88
2022-06-17	18:45:01			61939	3	88
2022-06-17	18:45:01	61940				2
2022-06-17	18:45:01			61941	1	56
2022-06-17	18:45:02			61941	6	56
2022-06-17	18:45:02			61942	2	56
2022-06-17	18:45:02		61942			4
2022-06-17	18:45:02	61938				2
2022-06-17	18:45:02	61934				2
2022-06-17	18:45:02			61934	2	88
2022-06-17	18:45:02			61933	2	88
2022-06-17	18:45:02			61934	1	88
2022-06-17	18:45:02		61943			4
2022-06-17	18:45:02			61942	3	56
2022-06-17	18:45:02			61942	2	56
2022-06-17	18:45:02		61949			4
2022-06-17	18:45:02		61948			4
2022-06-17	18:45:02		61947			4
2022-06-17	18:45:03			61947	1	56
2022-06-17	18:45:03			61948	4	56
2022-06-17	18:45:03		61949			4
2022-06-17	18:45:03	61935				2
2022-06-17	18:45:03	61938				2
2022-06-17	18:45:03	61940	61953			6
2022-06-17	18:45:03			61949	1	56
2022-06-17	18:45:03			61949	1	56
2022-06-17	18:45:03			61950	1	56
2022-06-17	18:45:03		61954			4
2022-06-17	18:45:03	61942				2
2022-06-17	18:45:03			61954	2	56
2022-06-17	18:45:03			61954	7	56
2022-06-17	18:45:03	61946				2
2022-06-17	18:45:03			61954	2	56
2022-06-17	18:45:04	61944				2
2022-06-17	18:45:04			61946	1	88
2022-06-17	18:45:04			61946	2	88
2022-06-17	18:45:04			61945	2	88
2022-06-17	18:45:04	61945	61953			6
2022-06-17	18:45:04	61946				2
2022-06-17	18:45:04			61953	2	56
2022-06-17	18:45:04			61954	2	56
2022-06-17	18:45:04			61954	2	56
2022-06-17	18:45:04			61955	1	56
2022-06-17	18:45:04			61955	1	56
2022-06-17	18:45:04			61955	1	56
2022-06-17	18:45:04		61956			4
2022-06-17	18:45:04	61944				2
2022-06-17	18:45:04			61946	1	88
2022-06-17	18:45:04			61946	2	88
2022-06-17	18:45:04			61945	2	88
2022-06-17	18:45:04	61946	61952			6
2022-06-17	18:45:04			61946	2	88
2022-06-17	18:45:04			61945	2	88
2022-06-17	18:45:04			61945	2	88
2022-06-17	18:45:04			61944	2	88
2022-06-17	18:45:04			61943	2	88
2022-06-17	18:45:04			61942	2	88
2022-06-17	18:45:04			61942	2	88
2022-06-17	18:45:04			61941	2	88
2022-06-17	18:45:04			61940	2	88
2022-06-17	18:45:04			61939	2	88
2022-06-17	18:45:04			61939	1	88
2022-06-17	18:45:04			61938	2	88
2022-06-17	18:45:04			61937	2	88
2022-06-17	18:45:04			61937	1	88
2022-06-17	18:45:04			61936	15	88
2022-06-17	18:45:04			61936	2	88
2022-06-17	18:45:04			61935	3	88
2022-06-17	18:45:04			61935	1	88
2022-06-17	18:45:04			61935	1	88
2022-06-17	18:45:04			61934	1	88
2022-06-17	18:45:04			61932	6	88
2022-06-17	18:45:04			61932	2	88
2022-06-17	18:45:04			61931	1	88
2022-06-17	18:45:04			61931	1	88
2022-06-17	18:45:04			61930	1	88
2022-06-17	18:45:04	61928	61929			6
2022-06-17	18:45:04			61928	1	88
2022-06-17	18:45:04			61928	1	88
2022-06-17	18:45:04			61929	2	56
2022-06-17	18:45:04			61930	3	56
2022-06-17	18:45:04			61930	2	56
2022-06-17	18:45:04			61928	2	88
2022-06-17	18:45:05			61929	2	56
2022-06-17	18:45:05			61930	6	56
2022-06-17	18:45:05		61930			4
2022-06-17	18:45:05		61929			4
2022-06-17	18:45:05			61929	1	56
2022-06-17	18:45:05		61930			4
2022-06-17	18:45:05			61929	1	56
2022-06-17	18:45:05			61930	4	56
2022-06-17	18:45:05		61929			4
2022-06-17	18:45:05			61928	1	88
2022-06-17	18:45:05			61927	6	88
2022-06-17	18:45:05			61926	1	56
2022-06-17	18:45:05			61926	3	88
2022-06-17	18:45:05			61926	7	88
2022-06-17	18:45:05			61926	10	88
2022-06-17	18:45:05			61925	2	88
2022-06-17	18:45:05			61924	101	88
2022-06-17	18:45:05			61924	1	88
2022-06-17	18:45:05			61924	2	88
2022-06-17	18:45:05			61923	1	88
2022-06-17	18:45:05			61922	1	88
2022-06-17	18:45:05			61922	3	88
2022-06-17	18:45:05			61922	1	88
2022-06-17	18:45:05			61922	1	88
2022-06-17	18:45:05			61922	2	88
2022-06-17	18:45:05			61922	1	88
2022-06-17	18:45:05			61922	1	88
2022-06-17	18:45:05			61922	1	88
2022-06-17	18:45:05			61923	1	56
2022-06-17	18:45:05			61922	1	88
2022-06-17	18:45:05	61922	61924			6
2022-06-17	18:45:05			61924	3	56
2022-06-17	18:45:05		61925			4
2022-06-17	18:45:05		61926			4
2022-06-17	18:45:05			61925	3	56
2022-06-17	18:45:05			61922	1	88
2022-06-17	18:45:05			61922	1	88
2022-06-17	18:45:05			61922	1	88
2022-06-17	18:45:05			61922	1	88
2022-06-17	18:45:05			61922	1	88
2022-06-17	18:45:05			61922	2	88
2022-06-17	18:45:05			61922	1	88
2022-06-17	18:45:05			61921	1	88
2022-06-17	18:45:05			61921	1	88
2022-06-17	18:45:05			61921	1	88
2022-06-17	18:45:05	61921	61925			6
2022-06-17	18:45:05			61921	1	88
2022-06-17	18:45:05			61921	1	88
2022-06-17	18:45:05	61922				2
2022-06-17	18:45:05	61921				2
2022-06-17	18:45:05			61922	6	88
2022-06-17	18:45:05			61921	4	88
2022-06-17	18:45:05	61922				2
2022-06-17	18:45:05	61921				2
2022-06-17	18:45:05			61925	1	56
2022-06-17	18:45:05			61925	1	56
2022-06-17	18:45:05	61922	61926			6
2022-06-17	18:45:05			61925	1	56
2022-06-17	18:45:05			61925	1	56
2022-06-17	18:45:05			61925	2	56
2022-06-17	18:45:05			61925	2	56
2022-06-17	18:45:05			61925	1	56
2022-06-17	18:45:05			61926	4	56
2022-06-17	18:45:05			61926	4	56
2022-06-17	18:45:06			61926	3	56
2022-06-17	18:45:06	61923				2
2022-06-17	18:45:06	61925				2
2022-06-17	18:45:06			61926	1	56
2022-06-17	18:45:06			61926	1	56
2022-06-17	18:45:06			61926	1	56
2022-06-17	18:45:07			61926	2	56
2022-06-17	18:45:07			61926	14	56
2022-06-17	18:45:07			61927	2	56
2022-06-17	18:45:07			61928	2	56
2022-06-17	18:45:07			61929	2	56
2022-06-17	18:45:07			61930	28	56
2022-06-17	18:45:07		61929			4
2022-06-17	18:45:07		61930			4
2022-06-17	18:45:07			61929	2	56
2022-06-17	18:45:07			61930	8	56
2022-06-17	18:45:07		61928			4
2022-06-17	18:45:07		61929			4
2022-06-17	18:45:07		61927			4
2022-06-17	18:45:07	61926				2
2022-06-17	18:45:07		61928			4
2022-06-17	18:45:07		61929			4
2022-06-17	18:45:07			61928	2	56
2022-06-17	18:45:07			61928	2	56
2022-06-17	18:45:07			61929	1	56
2022-06-17	18:45:08	61927				2
2022-06-17	18:45:08	61928				2
2022-06-17	18:45:08			61929	1	56
2022-06-17	18:45:08	61929	61930			6
2022-06-17	18:45:08			61929	2	88
2022-06-17	18:45:08			61929	2	88
2022-06-17	18:45:08	61928	61929			6
2022-06-17	18:45:08			61929	1	88
2022-06-17	18:45:08			61928	4	88
2022-06-17	18:45:08	61929	61930			6
2022-06-17	18:45:08			61929	2	56
2022-06-17	18:45:08			61930	2	56
2022-06-17	18:45:08			61930	1	56
2022-06-17	18:45:09			61930	10	56
2022-06-17	18:45:09			61930	1	56
2022-06-17	18:45:09			61929	3	88
2022-06-17	18:45:09			61929	1	88
2022-06-17	18:45:09			61928	5	88
2022-06-17	18:45:09	61928				2
2022-06-17	18:45:09	61929				2
2022-06-17	18:45:10			61930	32	56
2022-06-17	18:45:10			61930	2	56
2022-06-17	18:45:10			61930	2	56
2022-06-17	18:45:10			61930	2	56
2022-06-17	18:45:10			61930	2	56
2022-06-17	18:45:10			61930	10	56
2022-06-17	18:45:10			61930	16	56
2022-06-17	18:45:10			61930	5	56
2022-06-17	18:45:10			61932	1	56
2022-06-17	18:45:10			61933	1	56
2022-06-17	18:45:10			61934	5	56
2022-06-17	18:45:10			61934	2	56
2022-06-17	18:45:10			61935	2	56
2022-06-17	18:45:10			61936	2	56
2022-06-17	18:45:10			61937	2	56
2022-06-17	18:45:10			61938	2	56
2022-06-17	18:45:10			61939	2	56
2022-06-17	18:45:10			61939	2	56
2022-06-17	18:45:10			61939	2	56
2022-06-17	18:45:10			61940	1	56
2022-06-17	18:45:10			61940	2	56
2022-06-17	18:45:10			61940	2	56
2022-06-17	18:45:10			61941	2	56
2022-06-17	18:45:10			61941	2	56
2022-06-17	18:45:10			61942	2	56
2022-06-17	18:45:10			61942	2	56
2022-06-17	18:45:10			61943	5	56
2022-06-17	18:45:10			61943	2	56
2022-06-17	18:45:10			61943	2	56
2022-06-17	18:45:10			61944	3	56
2022-06-17	18:45:10			61944	2	56
2022-06-17	18:45:10			61946	1	56
2022-06-17	18:45:10			61946	4	56
2022-06-17	18:45:10			61947	4	56
2022-06-17	18:45:10			61947	2	56
2022-06-17	18:45:10			61947	1	56
2022-06-17	18:45:10			61947	2	56
2022-06-17	18:45:10	61939	61948			6
2022-06-17	18:45:10	61937				2
2022-06-17	18:45:10		61947			4
2022-06-17	18:45:10			61947	6	56
2022-06-17	18:45:10		61946			4
2022-06-17	18:45:11			61937	2	88
2022-06-17	18:45:11			61937	1	88
2022-06-17	18:45:11	61938				2
2022-06-17	18:45:11		61945			4
2022-06-17	18:45:11		61946			4
2022-06-17	18:45:11		61944			4
2022-06-17	18:45:11			61945	1	56
2022-06-17	18:45:11	61937				2
2022-06-17	18:45:11			61937	2	88
2022-06-17	18:45:11			61936	1	88
2022-06-17	18:45:11			61936	2	88
2022-06-17	18:45:11			61935	2	88
2022-06-17	18:45:11			61934	2	88
2022-06-17	18:45:11			61933	1	88
2022-06-17	18:45:11	61933				2
2022-06-17	18:45:12			61944	1	56
2022-06-17	18:45:12			61944	1	56
2022-06-17	18:45:12			61945	1	56
2022-06-17	18:45:12			61945	6	56
2022-06-17	18:45:12			61946	1	56
2022-06-17	18:45:12			61946	2	56
2022-06-17	18:45:12		61948			4
2022-06-17	18:45:12		61947			4
2022-06-17	18:45:12			61933	1	88
2022-06-17	18:45:12			61932	2	88
2022-06-17	18:45:12			61932	1	88
2022-06-17	18:45:12			61931	2	88
2022-06-17	18:45:12			61931	2	88
2022-06-17	18:45:12			61930	2	88
2022-06-17	18:45:12			61930	3	88
2022-06-17	18:45:12			61929	2	88
2022-06-17	18:45:12			61929	2	88
2022-06-17	18:45:12			61929	6	88
2022-06-17	18:45:12			61928	1	88
2022-06-17	18:45:12			61928	11	88
2022-06-17	18:45:12	61928	61944			6
2022-06-17	18:45:12			61929	1	88
2022-06-17	18:45:12	61929	61940			6
2022-06-17	18:45:12		61939			4
2022-06-17	18:45:12		61938			4
2022-06-17	18:45:12		61939			4
2022-06-17	18:45:12		61937			4
2022-06-17	18:45:12		61939			4
2022-06-17	18:45:12		61937			4
2022-06-17	18:45:12		61939			4
2022-06-17	18:45:12		61937			4
2022-06-17	18:45:12		61938			4
2022-06-17	18:45:12	61930				2
2022-06-17	18:45:12		61937			4
2022-06-17	18:45:12			61937	1	56
2022-06-17	18:45:12			61938	2	56
2022-06-17	18:45:12			61938	2	56
2022-06-17	18:45:12	61931	61945			6
2022-06-17	18:45:12			61940	2	56
2022-06-17	18:45:12			61941	2	56
2022-06-17	18:45:12			61941	2	56
2022-06-17	18:45:12			61942	2	56
2022-06-17	18:45:12			61943	2	56
2022-06-17	18:45:12			61943	2	56
2022-06-17	18:45:12			61944	2	56
2022-06-17	18:45:12			61944	2	56
2022-06-17	18:45:12			61945	2	56
2022-06-17	18:45:12		61948			4
2022-06-17	18:45:12		61947			4
2022-06-17	18:45:12		61946			4
2022-06-17	18:45:12	61933				2
2022-06-17	18:45:13		61945			4
2022-06-17	18:45:13	61935				2
2022-06-17	18:45:13	61937				2
2022-06-17	18:45:13	61938				2
2022-06-17	18:45:13	61939				2
2022-06-17	18:45:13			61945	5	56
2022-06-17	18:45:13	61938	61944			6
2022-06-17	18:45:13		61943			4
2022-06-17	18:45:14			61943	1	56
2022-06-17	18:45:14			61944	1	56
2022-06-17	18:45:14			61944	2	56
2022-06-17	18:45:14			61944	1	56
2022-06-17	18:45:14			61944	1	56
2022-06-17	18:45:14			61944	2	56
2022-06-17	18:45:14			61944	1	56
2022-06-17	18:45:14			61944	1	56
2022-06-17	18:45:14	61943	61944			6
2022-06-17	18:45:14			61944	1	56
2022-06-17	18:45:14	61942	61943			6
2022-06-17	18:45:14			61943	1	88
2022-06-17	18:45:14			61943	1	88
2022-06-17	18:45:14	61937				2
2022-06-17	18:45:14			61942	4	88
2022-06-17	18:45:14			61942	1	88
2022-06-17	18:45:14			61941	2	88
2022-06-17	18:45:14			61940	2	88
2022-06-17	18:45:14			61939	2	88
2022-06-17	18:45:14			61939	2	88
2022-06-17	18:45:14			61939	1	88
2022-06-17	18:45:14			61939	1	88
2022-06-17	18:45:14			61939	2	88
2022-06-17	18:45:14			61938	3	88
2022-06-17	18:45:14			61938	2	88
2022-06-17	18:45:14			61938	2	88
2022-06-17	18:45:14			61937	1	88
2022-06-17	18:45:14	61938				2
2022-06-17	18:45:14	61936				2
2022-06-17	18:45:14			61938	2	88
2022-06-17	18:45:14			61937	1	88
2022-06-17	18:45:14			61937	1	88
2022-06-17	18:45:14			61936	2	88
2022-06-17	18:45:14			61936	4	88
2022-06-17	18:45:14		61942			4
2022-06-17	18:45:15	61937				2
2022-06-17	18:45:15			61942	1	56
2022-06-17	18:45:15			61937	1	88
2022-06-17	18:45:15		61941			4
2022-06-17	18:45:15		61938			4
2022-06-17	18:45:15			61938	1	56
2022-06-17	18:45:15			61938	1	56
2022-06-17	18:45:15	61935				2
2022-06-17	18:45:15			61937	1	88
2022-06-17	18:45:15			61936	1	88
2022-06-17	18:45:15			61936	6	88
2022-06-17	18:45:15			61935	2	88
2022-06-17	18:45:16			61935	2	88
2022-06-17	18:45:16			61935	2	88
2022-06-17	18:45:16			61935	1	88
2022-06-17	18:45:16	61936				2
2022-06-17	18:45:16	61934				2
2022-06-17	18:45:16			61936	3	88
2022-06-17	18:45:16			61935	5	88
2022-06-17	18:45:16			61934	30	88
2022-06-17	18:45:16			61938	2	56
2022-06-17	18:45:16	61935				2
2022-06-17	18:45:16	61934				2
2022-06-17	18:45:16	61931				2
2022-06-17	18:45:16			61934	1	88
2022-06-17	18:45:16			61932	1	88
2022-06-17	18:45:16			61932	1	88
2022-06-17	18:45:16			61932	4	88
2022-06-17	18:45:16			61932	2	88
2022-06-17	18:45:16			61931	16	88
2022-06-17	18:45:16	61934				2
2022-06-17	18:45:16		61941			4
2022-06-17	18:45:16			61938	1	56
2022-06-17	18:45:16			61940	2	56
2022-06-17	18:45:16	61935	61940			6
2022-06-17	18:45:17		61938			4
2022-06-17	18:45:17			61938	1	56
2022-06-17	18:45:17		61937			4
2022-06-17	18:45:17			61935	2	88
2022-06-17	18:45:17	61934				2
2022-06-17	18:45:17		61938			4
2022-06-17	18:45:17			61937	1	56
2022-06-17	18:45:17	61932	61934			6
2022-06-17	18:45:17			61934	1	88
2022-06-17	18:45:17	61933				2
2022-06-17	18:45:17			61934	8	56
2022-06-17	18:45:17			61933	1	88
2022-06-17	18:45:17	61932				2
2022-06-17	18:45:18			61934	1	56
2022-06-17	18:45:18		61938			4
2022-06-17	18:45:18			61934	3	56
2022-06-17	18:45:18			61938	1	56
2022-06-17	18:45:18			61938	5	56
2022-06-17	18:45:18			61932	5	88
2022-06-17	18:45:18			61931	5	88
2022-06-17	18:45:18	61931				2
2022-06-17	18:45:18		61937			4
2022-06-17	18:45:18	61932				2
2022-06-17	18:45:18			61932	1	88
2022-06-17	18:45:18	61933	61938			6
2022-06-17	18:45:19	61932	61937			6
2022-06-17	18:45:19		61938			4
2022-06-17	18:45:19			61937	2	56
2022-06-17	18:45:19			61937	2	56
2022-06-17	18:45:19			61938	3	56
2022-06-17	18:45:19			61938	1	56
2022-06-17	18:45:19			61938	7	56
2022-06-17	18:45:19			61932	1	88
2022-06-17	18:45:19		61937			4
2022-06-17	18:45:19			61932	1	88
2022-06-17	18:45:19			61937	1	56
2022-06-17	18:45:19		61939			4
2022-06-17	18:45:19	61933				2
2022-06-17	18:45:19			61937	2	56
2022-06-17	18:45:19			61938	3	56
2022-06-17	18:45:19			61939	2	56
2022-06-17	18:45:19			61939	3	56
2022-06-17	18:45:19			61939	2	56
2022-06-17	18:45:19			61939	2	56
2022-06-17	18:45:19			61940	2	56
2022-06-17	18:45:19		61942			4
2022-06-17	18:45:19		61934			4
2022-06-17	18:45:20			61934	1	56
2022-06-17	18:45:21	61932				2
2022-06-17	18:45:21			61933	2	88
2022-06-17	18:45:21			61932	7	88
2022-06-17	18:45:21			61932	1	88
2022-06-17	18:45:21		61936			4
2022-06-17	18:45:21			61934	3	56
2022-06-17	18:45:21			61936	1	56
2022-06-17	18:45:21			61932	1	88
2022-06-17	18:45:21			61932	1	88
2022-06-17	18:45:21			61932	1	88
2022-06-17	18:45:21			61932	1	88
2022-06-17	18:45:21	61933	61935			6
2022-06-17	18:45:21		61936			4
2022-06-17	18:45:21			61935	1	56
2022-06-17	18:45:22			61936	1	56
2022-06-17	18:45:22		61937			4
2022-06-17	18:45:22			61936	1	56
2022-06-17	18:45:22		61938			4
2022-06-17	18:45:22			61937	1	56
2022-06-17	18:45:22		61939			4
2022-06-17	18:45:22			61938	1	56
2022-06-17	18:45:22		61934			4
2022-06-17	18:45:23	61931				2
2022-06-17	18:45:23			61933	2	88
2022-06-17	18:45:23			61932	2	88
2022-06-17	18:45:23			61932	2	88
2022-06-17	18:45:23			61931	1	88
2022-06-17	18:45:23	61940	61941			6
2022-06-17	18:45:23			61934	5	56
2022-06-17	18:45:23			61938	2	56
2022-06-17	18:45:23			61939	5	56
2022-06-17	18:45:23			61939	2	56
2022-06-17	18:45:23			61939	1	56
2022-06-17	18:45:23			61940	2	56
2022-06-17	18:45:23		61942			4
2022-06-17	18:45:23			61941	1	56
2022-06-17	18:45:23			61942	2	56
2022-06-17	18:45:24			61940	5	88
2022-06-17	18:45:24			61942	3	56
2022-06-17	18:45:24			61940	1	88
2022-06-17	18:45:24			61940	2	88
2022-06-17	18:45:24			61940	1	88
2022-06-17	18:45:24			61940	1	88
2022-06-17	18:45:24			61940	2	88
2022-06-17	18:45:24			61940	1	88
2022-06-17	18:45:24			61940	1	88
2022-06-17	18:45:24			61940	1	88
2022-06-17	18:45:24			61940	1	88
2022-06-17	18:45:24			61940	1	88
2022-06-17	18:45:25		61950			4
2022-06-17	18:45:25			61942	3	56
2022-06-17	18:45:25			61942	1	56
2022-06-17	18:45:25			61942	1	56
2022-06-17	18:45:25			61943	1	56
2022-06-17	18:45:25			61943	1	56
2022-06-17	18:45:25			61943	2	56
2022-06-17	18:45:25			61943	1	56
2022-06-17	18:45:25			61943	1	56
2022-06-17	18:45:25			61944	10	56
2022-06-17	18:45:25			61944	4	56
2022-06-17	18:45:25			61944	25	56
2022-06-17	18:45:25			61944	2	56
2022-06-17	18:45:25			61944	4	56
2022-06-17	18:45:25			61945	1	56
2022-06-17	18:45:25			61945	2	56
2022-06-17	18:45:25			61945	2	56
2022-06-17	18:45:25			61945	1	56
2022-06-17	18:45:25			61946	12	56
2022-06-17	18:45:25			61946	2	56
2022-06-17	18:45:25			61946	2	56
2022-06-17	18:45:25			61947	2	56
2022-06-17	18:45:25			61947	2	56
2022-06-17	18:45:25			61947	1	56
2022-06-17	18:45:25			61948	7	56
2022-06-17	18:45:25			61948	2	56
2022-06-17	18:45:25			61948	2	56
2022-06-17	18:45:25			61948	2	56
2022-06-17	18:45:25			61949	5	56
2022-06-17	18:45:25			61949	2	56
2022-06-17	18:45:25			61949	2	56
2022-06-17	18:45:25			61949	2	56
2022-06-17	18:45:25			61949	2	56
2022-06-17	18:45:25			61949	1	56
2022-06-17	18:45:25			61949	2	56
2022-06-17	18:45:25			61950	1	56
2022-06-17	18:45:25			61950	6	56
2022-06-17	18:45:25			61950	1	56
2022-06-17	18:45:25			61950	1	56
2022-06-17	18:45:25			61950	1	56
2022-06-17	18:45:25			61950	1	56
2022-06-17	18:45:25			61952	1	56
2022-06-17	18:45:25			61952	1	88
2022-06-17	18:45:25			61952	1	88
2022-06-17	18:45:25			61952	1	56
2022-06-17	18:45:25			61952	13	56
2022-06-17	18:45:25	61951	61952			6
2022-06-17	18:45:25			61952	1	56
2022-06-17	18:45:25			61952	1	56
2022-06-17	18:45:25	61950				2
2022-06-17	18:45:25			61952	1	56
2022-06-17	18:45:25			61952	2	56
2022-06-17	18:45:26			61952	1	56
2022-06-17	18:45:26			61952	1	56
2022-06-17	18:45:26			61952	1	56
2022-06-17	18:45:26			61952	2	56
2022-06-17	18:45:26			61952	1	56
2022-06-17	18:45:26			61952	1	56
2022-06-17	18:45:26			61952	1	56
2022-06-17	18:45:26			61952	1	56
2022-06-17	18:45:26			61952	2	56
2022-06-17	18:45:26			61952	1	56
2022-06-17	18:45:26	61952	61954			6
2022-06-17	18:45:26	61949				2
2022-06-17	18:45:26			61954	1	56
2022-06-17	18:45:26			61954	1	56
2022-06-17	18:45:26		61950			4
2022-06-17	18:45:26			61949	2	88
2022-06-17	18:45:26			61948	1	88
2022-06-17	18:45:26			61948	1	88
2022-06-17	18:45:26	61948				2
2022-06-17	18:45:26			61950	1	56
2022-06-17	18:45:26		61954			4
2022-06-17	18:45:26			61954	4	56
2022-06-17	18:45:26			61954	1	56
2022-06-17	18:45:26			61955	1	56
2022-06-17	18:45:26			61955	2	56
2022-06-17	18:45:26		61955			4
2022-06-17	18:45:26		61954			4
2022-06-17	18:45:26		61955			4
2022-06-17	18:45:26	61950				2
2022-06-17	18:45:27	61954				2
2022-06-17	18:45:27			61954	1	88
2022-06-17	18:45:27			61955	1	56
2022-06-17	18:45:27			61955	1	56
2022-06-17	18:45:27			61955	1	56
2022-06-17	18:45:27			61955	1	56
2022-06-17	18:45:27			61955	1	56
2022-06-17	18:45:27			61955	4	56
2022-06-17	18:45:27			61955	1	56
2022-06-17	18:45:27	61953				2
2022-06-17	18:45:27			61954	1	88
2022-06-17	18:45:27	61954				2
2022-06-17	18:45:27			61955	2	56
2022-06-17	18:45:27			61954	1	88
2022-06-17	18:45:27			61953	2	88
2022-06-17	18:45:27	61953				2
2022-06-17	18:45:28			61955	1	56
2022-06-17	18:45:29	61952				2
2022-06-17	18:45:29			61953	1	88
2022-06-17	18:45:29	61951				2
2022-06-17	18:45:29	61950				2
2022-06-17	18:45:29			61952	1	88
2022-06-17	18:45:29			61951	2	88
2022-06-17	18:45:30			61955	1	56
2022-06-17	18:45:30		61954			4
2022-06-17	18:45:31			61950	7	88
2022-06-17	18:45:31			61950	1	88
2022-06-17	18:45:31		61955			4
2022-06-17	18:45:31			61955	2	56
2022-06-17	18:45:32			61955	1	56
2022-06-17	18:45:32			61950	1	88
2022-06-17	18:45:32			61950	3	88
2022-06-17	18:45:32			61949	2	88
2022-06-17	18:45:32			61948	2	88
2022-06-17	18:45:32			61947	2	88
2022-06-17	18:45:32			61947	2	88
2022-06-17	18:45:32			61947	2	88
2022-06-17	18:45:32			61947	2	88
2022-06-17	18:45:32			61955	3	56
2022-06-17	18:45:32	61947	61954			6
2022-06-17	18:45:32			61947	1	88
2022-06-17	18:45:33			61954	2	56
2022-06-17	18:45:34		61948			4
2022-06-17	18:45:34		61954			4
2022-06-17	18:45:34			61948	1	56
2022-06-17	18:45:34		61953			4
2022-06-17	18:45:34			61947	1	88
2022-06-17	18:45:34			61947	1	88
2022-06-17	18:45:34			61947	1	88
2022-06-17	18:45:34			61947	2	88
2022-06-17	18:45:34			61947	1	88
2022-06-17	18:45:34		61952			4
2022-06-17	18:45:34			61947	1	88
2022-06-17	18:45:34			61946	2	88
2022-06-17	18:45:34			61946	5	88
2022-06-17	18:45:34			61946	2	88
2022-06-17	18:45:34		61953			4
2022-06-17	18:45:34			61952	2	56
2022-06-17	18:45:34		61951			4
2022-06-17	18:45:35			61947	1	88
2022-06-17	18:45:35			61947	1	88
2022-06-17	18:45:35	61948				2
2022-06-17	18:45:35	61947				2
2022-06-17	18:45:35	61948				2
2022-06-17	18:45:35	61947				2
2022-06-17	18:45:35			61947	2	88
2022-06-17	18:45:36			61947	1	88
2022-06-17	18:45:36		61950			4
2022-06-17	18:45:36	61946				2
2022-06-17	18:45:36			61947	1	88
2022-06-17	18:45:36			61946	1	88
2022-06-17	18:45:36		61949			4
2022-06-17	18:45:36		61953			4
2022-06-17	18:45:36			61949	1	56
2022-06-17	18:45:36			61950	3	56
2022-06-17	18:45:36			61951	1	56
2022-06-17	18:45:37		61954			4
2022-06-17	18:45:37	61947	61952			6
2022-06-17	18:45:37			61953	2	56
2022-06-17	18:45:37			61954	1	56
2022-06-17	18:45:37			61947	2	88
2022-06-17	18:45:37			61947	1	88
2022-06-17	18:45:37			61946	2	88
2022-06-17	18:45:37			61946	30	88
2022-06-17	18:45:37			61946	1	88
2022-06-17	18:45:37			61946	1	88
2022-06-17	18:45:37			61946	2	88
2022-06-17	18:45:37			61945	4	88
2022-06-17	18:45:37			61945	2	88
2022-06-17	18:45:37			61944	159	88
2022-06-17	18:45:37	61944	61953			6
2022-06-17	18:45:37	61947				2
2022-06-17	18:45:37		61952			4
2022-06-17	18:45:37		61951			4
2022-06-17	18:45:37	61944				2
2022-06-17	18:45:37			61947	3	88
2022-06-17	18:45:37			61944	3	88
2022-06-17	18:45:38			61951	1	56
2022-06-17	18:45:38		61952			4
2022-06-17	18:45:38			61951	1	56
2022-06-17	18:45:38			61952	1	56
2022-06-17	18:45:38		61950			4
2022-06-17	18:45:38	61946				2
2022-06-17	18:45:38		61949			4
2022-06-17	18:45:38			61949	1	56
2022-06-17	18:45:38		61954			4
2022-06-17	18:45:38			61949	2	56
2022-06-17	18:45:38			61950	4	56
2022-06-17	18:45:38			61950	2	56
2022-06-17	18:45:38			61951	2	56
2022-06-17	18:45:38			61952	2	56
2022-06-17	18:45:38			61953	2	56
2022-06-17	18:45:38			61953	2	56
2022-06-17	18:45:38			61953	2	56
2022-06-17	18:45:38			61953	5	56
2022-06-17	18:45:38			61954	1	56
2022-06-17	18:45:38			61954	1	56
2022-06-17	18:45:38	61947				2
2022-06-17	18:45:39	61948				2
2022-06-17	18:45:39	61947				2
2022-06-17	18:45:39			61948	3	88
2022-06-17	18:45:39	61946	61947			6
2022-06-17	18:45:39			61947	2	88
2022-06-17	18:45:39			61947	2	56
2022-06-17	18:45:39			61947	1	56
2022-06-17	18:45:39	61947	61953			6
2022-06-17	18:45:39	61945				2
2022-06-17	18:45:39			61947	1	88
2022-06-17	18:45:39			61946	2	88
2022-06-17	18:45:39			61946	1	88
2022-06-17	18:45:40		61948			4
2022-06-17	18:45:40			61948	2	56
2022-06-17	18:45:40			61948	1	56
2022-06-17	18:45:40		61950			4
2022-06-17	18:45:40			61948	1	56
2022-06-17	18:45:40			61950	2	56
2022-06-17	18:45:40	61946				2
2022-06-17	18:45:41			61950	1	56
2022-06-17	18:45:41			61950	2	56
2022-06-17	18:45:41			61951	1	56
2022-06-17	18:45:41			61951	1	56
2022-06-17	18:45:41			61952	2	56
2022-06-17	18:45:41			61953	1	56
2022-06-17	18:45:41	61952	61954			6
2022-06-17	18:45:41		61953			4
2022-06-17	18:45:42			61952	2	88
2022-06-17	18:45:42	61951				2
2022-06-17	18:45:42			61952	1	88
2022-06-17	18:45:42			61953	2	56
2022-06-17	18:45:42			61953	3	56
2022-06-17	18:45:42			61954	1	56
2022-06-17	18:45:42			61954	2	56
2022-06-17	18:45:42		61954			4
2022-06-17	18:45:42			61954	10	56
2022-06-17	18:45:42			61951	3	88
2022-06-17	18:45:42	61950				2
2022-06-17	18:45:43	61951				2
2022-06-17	18:45:43	61952				2
2022-06-17	18:45:43	61953				2
2022-06-17	18:45:43	61952				2
2022-06-17	18:45:43	61955	61956			6
2022-06-17	18:45:43			61954	18	56
2022-06-17	18:45:43		61958			4
2022-06-17	18:45:43			61956	1	56
2022-06-17	18:45:43			61958	1	56
2022-06-17	18:45:44			61955	1	88
2022-06-17	18:45:44		61961			4
2022-06-17	18:45:44			61958	4	56
2022-06-17	18:45:44			61961	1	56
2022-06-17	18:45:44			61961	68	56
2022-06-17	18:45:44			61955	10	88
2022-06-17	18:45:44			61961	10	56
2022-06-17	18:45:44			61961	1	56
2022-06-17	18:45:44		61956			4
2022-06-17	18:45:44		61961			4
2022-06-17	18:45:44			61956	2	56
2022-06-17	18:45:44			61955	10	88
2022-06-17	18:45:44	61954	61955			6
2022-06-17	18:45:44	61953				2
2022-06-17	18:45:44			61955	7	88
2022-06-17	18:45:44			61955	2	56
2022-06-17	18:45:44		61961			4
2022-06-17	18:45:44			61955	11	56
2022-06-17	18:45:44			61961	9	56
2022-06-17	18:45:45			61953	1	88
2022-06-17	18:45:45		61960			4
2022-06-17	18:45:45			61960	4	56
2022-06-17	18:45:45			61961	4	56
2022-06-17	18:45:45		61961			4
2022-06-17	18:45:45		61960			4
2022-06-17	18:45:45			61960	1	56
2022-06-17	18:45:45	61952				2
2022-06-17	18:45:45			61953	1	88
2022-06-17	18:45:45			61953	2	88
2022-06-17	18:45:45			61952	2	88
2022-06-17	18:45:45	61954	61959			6
2022-06-17	18:45:46	61953				2
2022-06-17	18:45:46	61954				2
2022-06-17	18:45:46			61954	1	88
2022-06-17	18:45:46			61954	1	88
2022-06-17	18:45:46			61959	1	56
2022-06-17	18:45:47		61961			4
2022-06-17	18:45:47			61959	1	56
2022-06-17	18:45:47			61959	5	56
2022-06-17	18:45:47			61960	2	56
2022-06-17	18:45:47			61960	1	56
2022-06-17	18:45:47			61960	2	56
2022-06-17	18:45:47			61960	1	56
2022-06-17	18:45:47			61960	4	56
2022-06-17	18:45:47			61961	30	56
2022-06-17	18:45:47		61960			4
2022-06-17	18:45:47		61961			4
2022-06-17	18:45:47		61960			4
2022-06-17	18:45:47		61961			4
2022-06-17	18:45:47		61960			4
2022-06-17	18:45:47		61961			4
2022-06-17	18:45:47		61960			4
2022-06-17	18:45:47		61961			4
2022-06-17	18:45:47		61960			4
2022-06-17	18:45:47		61961			4
2022-06-17	18:45:47			61960	1	56
2022-06-17	18:45:47		61960			4
2022-06-17	18:45:47		61961			4
2022-06-17	18:45:47		61960			4
2022-06-17	18:45:47			61954	1	88
2022-06-17	18:45:47			61954	2	88
2022-06-17	18:45:47	61953				2
2022-06-17	18:45:47		61961			4
2022-06-17	18:45:47		61960			4
2022-06-17	18:45:47			61953	2	88
2022-06-17	18:45:47			61952	2	88
2022-06-17	18:45:47	61954	61959			6
2022-06-17	18:45:47	61953				2
2022-06-17	18:45:47	61955				2
2022-06-17	18:45:47	61951				2
2022-06-17	18:45:47			61955	4	88
2022-06-17	18:45:47			61954	2	88
2022-06-17	18:45:47			61953	2	88
2022-06-17	18:45:47			61952	2	88
2022-06-17	18:45:47			61952	2	88
2022-06-17	18:45:47			61951	2	88
2022-06-17	18:45:47			61951	3	88
2022-06-17	18:45:48	61952				2
2022-06-17	18:45:48	61951				2
2022-06-17	18:45:48			61952	1	88
2022-06-17	18:45:48	61952				2
2022-06-17	18:45:48			61959	1	56
2022-06-17	18:45:48			61959	1	56
2022-06-17	18:45:48			61960	1	56
2022-06-17	18:45:48	61953				2
2022-06-17	18:45:48	61930				2
2022-06-17	18:45:48			61953	2	88
2022-06-17	18:45:48			61952	1	88
2022-06-17	18:45:48			61951	1	88
2022-06-17	18:45:48			61951	2	88
2022-06-17	18:45:48			61951	2	88
2022-06-17	18:45:48			61950	50	88
2022-06-17	18:45:48			61950	1	88
2022-06-17	18:45:48			61950	1	88
2022-06-17	18:45:48			61947	2	88
2022-06-17	18:45:48			61947	1	88
2022-06-17	18:45:48			61947	5	88
